%YAML 1.1
%TAG !u! tag:unity3d.com,2011:
--- !u!1 &5826080889544631802
GameObject:
  m_ObjectHideFlags: 0
  m_CorrespondingSourceObject: {fileID: 0}
  m_PrefabInstance: {fileID: 0}
  m_PrefabAsset: {fileID: 0}
  serializedVersion: 6
  m_Component:
  - component: {fileID: 2577614140366332857}
  m_Layer: 0
  m_Name: Trash
  m_TagString: Untagged
  m_Icon: {fileID: 0}
  m_NavMeshLayer: 0
  m_StaticEditorFlags: 0
  m_IsActive: 1
--- !u!4 &2577614140366332857
Transform:
  m_ObjectHideFlags: 0
  m_CorrespondingSourceObject: {fileID: 0}
  m_PrefabInstance: {fileID: 0}
  m_PrefabAsset: {fileID: 0}
  m_GameObject: {fileID: 5826080889544631802}
  m_LocalRotation: {x: 0, y: 0, z: 0, w: 1}
  m_LocalPosition: {x: -3.0811398, y: 0.17415701, z: 3.513836}
  m_LocalScale: {x: 1, y: 1, z: 1}
  m_Children:
  - {fileID: 6415185710955197779}
  - {fileID: 5403449797640216178}
  - {fileID: 8370590403904143202}
  - {fileID: 7515222176214426025}
  - {fileID: 952608199484206303}
  - {fileID: 1341219420470921289}
  - {fileID: 700085539895023053}
  - {fileID: 180856243280378759}
  m_Father: {fileID: 0}
  m_RootOrder: 0
  m_LocalEulerAnglesHint: {x: 0, y: 0, z: 0}
--- !u!1001 &488409403395486502
PrefabInstance:
  m_ObjectHideFlags: 0
  serializedVersion: 2
  m_Modification:
    m_TransformParent: {fileID: 2577614140366332857}
    m_Modifications:
    - target: {fileID: 5147638121208821742, guid: 84aa449e3f2d2ac478983a4e56ce7246, type: 3}
      propertyPath: m_Name
      value: mug_4 Variant
      objectReference: {fileID: 0}
    - target: {fileID: 5493201004421279060, guid: 84aa449e3f2d2ac478983a4e56ce7246, type: 3}
      propertyPath: m_LocalPosition.x
      value: 0.051435232
      objectReference: {fileID: 0}
    - target: {fileID: 5493201004421279060, guid: 84aa449e3f2d2ac478983a4e56ce7246, type: 3}
      propertyPath: m_LocalPosition.y
      value: -0.14615701
      objectReference: {fileID: 0}
    - target: {fileID: 5493201004421279060, guid: 84aa449e3f2d2ac478983a4e56ce7246, type: 3}
      propertyPath: m_LocalPosition.z
      value: -0.045817137
      objectReference: {fileID: 0}
    - target: {fileID: 5493201004421279060, guid: 84aa449e3f2d2ac478983a4e56ce7246, type: 3}
      propertyPath: m_LocalRotation.x
      value: 0.58909786
      objectReference: {fileID: 0}
    - target: {fileID: 5493201004421279060, guid: 84aa449e3f2d2ac478983a4e56ce7246, type: 3}
      propertyPath: m_LocalRotation.y
      value: 0.5890966
      objectReference: {fileID: 0}
    - target: {fileID: 5493201004421279060, guid: 84aa449e3f2d2ac478983a4e56ce7246, type: 3}
      propertyPath: m_LocalRotation.z
      value: -0.39110476
      objectReference: {fileID: 0}
    - target: {fileID: 5493201004421279060, guid: 84aa449e3f2d2ac478983a4e56ce7246, type: 3}
      propertyPath: m_LocalRotation.w
      value: 0.39110872
      objectReference: {fileID: 0}
    - target: {fileID: 5493201004421279060, guid: 84aa449e3f2d2ac478983a4e56ce7246, type: 3}
      propertyPath: m_RootOrder
      value: 1
      objectReference: {fileID: 0}
    - target: {fileID: 5493201004421279060, guid: 84aa449e3f2d2ac478983a4e56ce7246, type: 3}
      propertyPath: m_LocalEulerAnglesHint.x
      value: 67.161
      objectReference: {fileID: 0}
    - target: {fileID: 5493201004421279060, guid: 84aa449e3f2d2ac478983a4e56ce7246, type: 3}
      propertyPath: m_LocalEulerAnglesHint.y
      value: 179.999
      objectReference: {fileID: 0}
    - target: {fileID: 5493201004421279060, guid: 84aa449e3f2d2ac478983a4e56ce7246, type: 3}
      propertyPath: m_LocalEulerAnglesHint.z
      value: 90
      objectReference: {fileID: 0}
    - target: {fileID: 5493201004421279060, guid: 84aa449e3f2d2ac478983a4e56ce7246, type: 3}
      propertyPath: m_LocalScale.x
      value: 0.13955182
      objectReference: {fileID: 0}
    - target: {fileID: 5493201004421279060, guid: 84aa449e3f2d2ac478983a4e56ce7246, type: 3}
      propertyPath: m_LocalScale.z
      value: 0.13955182
      objectReference: {fileID: 0}
    m_RemovedComponents: []
  m_SourcePrefab: {fileID: 100100000, guid: 84aa449e3f2d2ac478983a4e56ce7246, type: 3}
--- !u!4 &5403449797640216178 stripped
Transform:
  m_CorrespondingSourceObject: {fileID: 5493201004421279060, guid: 84aa449e3f2d2ac478983a4e56ce7246, type: 3}
  m_PrefabInstance: {fileID: 488409403395486502}
  m_PrefabAsset: {fileID: 0}
--- !u!1001 &1865513254591768123
PrefabInstance:
  m_ObjectHideFlags: 0
  serializedVersion: 2
  m_Modification:
    m_TransformParent: {fileID: 2577614140366332857}
    m_Modifications:
    - target: {fileID: 1503070293757315812, guid: c54a35a6de9aaff4db867007390a7230, type: 3}
      propertyPath: m_LocalPosition.x
      value: 0.20385432
      objectReference: {fileID: 0}
    - target: {fileID: 1503070293757315812, guid: c54a35a6de9aaff4db867007390a7230, type: 3}
      propertyPath: m_LocalPosition.y
      value: -0.16909318
      objectReference: {fileID: 0}
    - target: {fileID: 1503070293757315812, guid: c54a35a6de9aaff4db867007390a7230, type: 3}
      propertyPath: m_LocalPosition.z
      value: 0.108495
      objectReference: {fileID: 0}
    - target: {fileID: 1503070293757315812, guid: c54a35a6de9aaff4db867007390a7230, type: 3}
      propertyPath: m_LocalRotation.x
      value: -0
      objectReference: {fileID: 0}
    - target: {fileID: 1503070293757315812, guid: c54a35a6de9aaff4db867007390a7230, type: 3}
      propertyPath: m_LocalRotation.y
      value: 0.20392211
      objectReference: {fileID: 0}
    - target: {fileID: 1503070293757315812, guid: c54a35a6de9aaff4db867007390a7230, type: 3}
      propertyPath: m_LocalRotation.z
      value: -0
      objectReference: {fileID: 0}
    - target: {fileID: 1503070293757315812, guid: c54a35a6de9aaff4db867007390a7230, type: 3}
      propertyPath: m_LocalRotation.w
      value: 0.97898716
      objectReference: {fileID: 0}
    - target: {fileID: 1503070293757315812, guid: c54a35a6de9aaff4db867007390a7230, type: 3}
      propertyPath: m_RootOrder
      value: 4
      objectReference: {fileID: 0}
    - target: {fileID: 1503070293757315812, guid: c54a35a6de9aaff4db867007390a7230, type: 3}
      propertyPath: m_LocalEulerAnglesHint.x
      value: 0
      objectReference: {fileID: 0}
    - target: {fileID: 1503070293757315812, guid: c54a35a6de9aaff4db867007390a7230, type: 3}
      propertyPath: m_LocalEulerAnglesHint.y
      value: 23.533
      objectReference: {fileID: 0}
    - target: {fileID: 1503070293757315812, guid: c54a35a6de9aaff4db867007390a7230, type: 3}
      propertyPath: m_LocalEulerAnglesHint.z
      value: 0
      objectReference: {fileID: 0}
    - target: {fileID: 1503070293757315812, guid: c54a35a6de9aaff4db867007390a7230, type: 3}
      propertyPath: m_LocalScale.x
      value: 0.11085236
      objectReference: {fileID: 0}
    - target: {fileID: 1503070293757315812, guid: c54a35a6de9aaff4db867007390a7230, type: 3}
      propertyPath: m_LocalScale.z
      value: 0.11085236
      objectReference: {fileID: 0}
    - target: {fileID: 2274364933676765278, guid: c54a35a6de9aaff4db867007390a7230, type: 3}
      propertyPath: m_Name
      value: plat_low
      objectReference: {fileID: 0}
    m_RemovedComponents: []
  m_SourcePrefab: {fileID: 100100000, guid: c54a35a6de9aaff4db867007390a7230, type: 3}
--- !u!4 &952608199484206303 stripped
Transform:
  m_CorrespondingSourceObject: {fileID: 1503070293757315812, guid: c54a35a6de9aaff4db867007390a7230, type: 3}
  m_PrefabInstance: {fileID: 1865513254591768123}
  m_PrefabAsset: {fileID: 0}
--- !u!1001 &2499002456164034314
PrefabInstance:
  m_ObjectHideFlags: 0
  serializedVersion: 2
  m_Modification:
    m_TransformParent: {fileID: 2577614140366332857}
    m_Modifications:
    - target: {fileID: 6234234098580428904, guid: 9bcdc947b2c2438499fdb386ec0f06bf, type: 3}
      propertyPath: m_LocalPosition.x
      value: 0.2787397
      objectReference: {fileID: 0}
    - target: {fileID: 6234234098580428904, guid: 9bcdc947b2c2438499fdb386ec0f06bf, type: 3}
      propertyPath: m_LocalPosition.y
      value: -0.17302401
      objectReference: {fileID: 0}
    - target: {fileID: 6234234098580428904, guid: 9bcdc947b2c2438499fdb386ec0f06bf, type: 3}
      propertyPath: m_LocalPosition.z
      value: 0.03756404
      objectReference: {fileID: 0}
    - target: {fileID: 6234234098580428904, guid: 9bcdc947b2c2438499fdb386ec0f06bf, type: 3}
      propertyPath: m_LocalRotation.x
      value: -0
      objectReference: {fileID: 0}
    - target: {fileID: 6234234098580428904, guid: 9bcdc947b2c2438499fdb386ec0f06bf, type: 3}
      propertyPath: m_LocalRotation.y
      value: -0
      objectReference: {fileID: 0}
    - target: {fileID: 6234234098580428904, guid: 9bcdc947b2c2438499fdb386ec0f06bf, type: 3}
      propertyPath: m_LocalRotation.z
      value: -0
      objectReference: {fileID: 0}
    - target: {fileID: 6234234098580428904, guid: 9bcdc947b2c2438499fdb386ec0f06bf, type: 3}
      propertyPath: m_LocalRotation.w
      value: 1
      objectReference: {fileID: 0}
    - target: {fileID: 6234234098580428904, guid: 9bcdc947b2c2438499fdb386ec0f06bf, type: 3}
      propertyPath: m_RootOrder
      value: 2
      objectReference: {fileID: 0}
    - target: {fileID: 6234234098580428904, guid: 9bcdc947b2c2438499fdb386ec0f06bf, type: 3}
      propertyPath: m_LocalEulerAnglesHint.x
      value: 0
      objectReference: {fileID: 0}
    - target: {fileID: 6234234098580428904, guid: 9bcdc947b2c2438499fdb386ec0f06bf, type: 3}
      propertyPath: m_LocalEulerAnglesHint.y
      value: 0
      objectReference: {fileID: 0}
    - target: {fileID: 6234234098580428904, guid: 9bcdc947b2c2438499fdb386ec0f06bf, type: 3}
      propertyPath: m_LocalEulerAnglesHint.z
      value: 0
      objectReference: {fileID: 0}
    - target: {fileID: 6759800018480382674, guid: 9bcdc947b2c2438499fdb386ec0f06bf, type: 3}
      propertyPath: m_Name
      value: knife
      objectReference: {fileID: 0}
    m_RemovedComponents: []
  m_SourcePrefab: {fileID: 100100000, guid: 9bcdc947b2c2438499fdb386ec0f06bf, type: 3}
--- !u!4 &8370590403904143202 stripped
Transform:
  m_CorrespondingSourceObject: {fileID: 6234234098580428904, guid: 9bcdc947b2c2438499fdb386ec0f06bf, type: 3}
  m_PrefabInstance: {fileID: 2499002456164034314}
  m_PrefabAsset: {fileID: 0}
--- !u!1001 &3395870849330049758
PrefabInstance:
  m_ObjectHideFlags: 0
  serializedVersion: 2
  m_Modification:
    m_TransformParent: {fileID: 2577614140366332857}
    m_Modifications:
    - target: {fileID: 8514019780725737357, guid: 0c5f4acc08cabce4a891d28852a9e4ab, type: 3}
      propertyPath: m_LocalPosition.x
      value: -0.15586019
      objectReference: {fileID: 0}
    - target: {fileID: 8514019780725737357, guid: 0c5f4acc08cabce4a891d28852a9e4ab, type: 3}
      propertyPath: m_LocalPosition.y
      value: -0.16050301
      objectReference: {fileID: 0}
    - target: {fileID: 8514019780725737357, guid: 0c5f4acc08cabce4a891d28852a9e4ab, type: 3}
      propertyPath: m_LocalPosition.z
      value: 0.08116412
      objectReference: {fileID: 0}
    - target: {fileID: 8514019780725737357, guid: 0c5f4acc08cabce4a891d28852a9e4ab, type: 3}
      propertyPath: m_LocalRotation.x
      value: 0.6123719
      objectReference: {fileID: 0}
    - target: {fileID: 8514019780725737357, guid: 0c5f4acc08cabce4a891d28852a9e4ab, type: 3}
      propertyPath: m_LocalRotation.y
      value: -0.35355332
      objectReference: {fileID: 0}
    - target: {fileID: 8514019780725737357, guid: 0c5f4acc08cabce4a891d28852a9e4ab, type: 3}
      propertyPath: m_LocalRotation.z
      value: 0.3535523
      objectReference: {fileID: 0}
    - target: {fileID: 8514019780725737357, guid: 0c5f4acc08cabce4a891d28852a9e4ab, type: 3}
      propertyPath: m_LocalRotation.w
      value: 0.6123737
      objectReference: {fileID: 0}
    - target: {fileID: 8514019780725737357, guid: 0c5f4acc08cabce4a891d28852a9e4ab, type: 3}
      propertyPath: m_RootOrder
      value: 0
      objectReference: {fileID: 0}
    - target: {fileID: 8514019780725737357, guid: 0c5f4acc08cabce4a891d28852a9e4ab, type: 3}
      propertyPath: m_LocalEulerAnglesHint.x
      value: 90
      objectReference: {fileID: 0}
    - target: {fileID: 8514019780725737357, guid: 0c5f4acc08cabce4a891d28852a9e4ab, type: 3}
      propertyPath: m_LocalEulerAnglesHint.y
      value: 0
      objectReference: {fileID: 0}
    - target: {fileID: 8514019780725737357, guid: 0c5f4acc08cabce4a891d28852a9e4ab, type: 3}
      propertyPath: m_LocalEulerAnglesHint.z
      value: 60
      objectReference: {fileID: 0}
    - target: {fileID: 8514019780725737357, guid: 0c5f4acc08cabce4a891d28852a9e4ab, type: 3}
      propertyPath: m_LocalScale.y
      value: 0.24086998
      objectReference: {fileID: 0}
    - target: {fileID: 9037615376594033975, guid: 0c5f4acc08cabce4a891d28852a9e4ab, type: 3}
      propertyPath: m_Name
      value: bone_low (1)
      objectReference: {fileID: 0}
    m_RemovedComponents: []
  m_SourcePrefab: {fileID: 100100000, guid: 0c5f4acc08cabce4a891d28852a9e4ab, type: 3}
--- !u!4 &6415185710955197779 stripped
Transform:
  m_CorrespondingSourceObject: {fileID: 8514019780725737357, guid: 0c5f4acc08cabce4a891d28852a9e4ab, type: 3}
  m_PrefabInstance: {fileID: 3395870849330049758}
  m_PrefabAsset: {fileID: 0}
--- !u!1001 &8119747387257581066
PrefabInstance:
  m_ObjectHideFlags: 0
  serializedVersion: 2
  m_Modification:
    m_TransformParent: {fileID: 2577614140366332857}
    m_Modifications:
    - target: {fileID: 7076233423045699139, guid: f96ee692cde64f3429f744dc8082a3c3, type: 3}
      propertyPath: m_LocalPosition.x
      value: 0.080726385
      objectReference: {fileID: 0}
    - target: {fileID: 7076233423045699139, guid: f96ee692cde64f3429f744dc8082a3c3, type: 3}
      propertyPath: m_LocalPosition.y
      value: -0.15255702
      objectReference: {fileID: 0}
    - target: {fileID: 7076233423045699139, guid: f96ee692cde64f3429f744dc8082a3c3, type: 3}
      propertyPath: m_LocalPosition.z
      value: 0.16726398
      objectReference: {fileID: 0}
    - target: {fileID: 7076233423045699139, guid: f96ee692cde64f3429f744dc8082a3c3, type: 3}
      propertyPath: m_LocalRotation.x
      value: 0.70032096
      objectReference: {fileID: 0}
    - target: {fileID: 7076233423045699139, guid: f96ee692cde64f3429f744dc8082a3c3, type: 3}
      propertyPath: m_LocalRotation.y
      value: 0.097719215
      objectReference: {fileID: 0}
    - target: {fileID: 7076233423045699139, guid: f96ee692cde64f3429f744dc8082a3c3, type: 3}
      propertyPath: m_LocalRotation.z
      value: 0.09771948
      objectReference: {fileID: 0}
    - target: {fileID: 7076233423045699139, guid: f96ee692cde64f3429f744dc8082a3c3, type: 3}
      propertyPath: m_LocalRotation.w
      value: 0.7003231
      objectReference: {fileID: 0}
    - target: {fileID: 7076233423045699139, guid: f96ee692cde64f3429f744dc8082a3c3, type: 3}
      propertyPath: m_RootOrder
      value: 5
      objectReference: {fileID: 0}
    - target: {fileID: 7076233423045699139, guid: f96ee692cde64f3429f744dc8082a3c3, type: 3}
      propertyPath: m_LocalEulerAnglesHint.x
      value: 74.113
      objectReference: {fileID: 0}
    - target: {fileID: 7076233423045699139, guid: f96ee692cde64f3429f744dc8082a3c3, type: 3}
      propertyPath: m_LocalEulerAnglesHint.y
      value: 89.999
      objectReference: {fileID: 0}
    - target: {fileID: 7076233423045699139, guid: f96ee692cde64f3429f744dc8082a3c3, type: 3}
      propertyPath: m_LocalEulerAnglesHint.z
      value: 89.999
      objectReference: {fileID: 0}
    - target: {fileID: 7076233423045699139, guid: f96ee692cde64f3429f744dc8082a3c3, type: 3}
      propertyPath: m_LocalScale.x
      value: 0.13955182
      objectReference: {fileID: 0}
    - target: {fileID: 7076233423045699139, guid: f96ee692cde64f3429f744dc8082a3c3, type: 3}
      propertyPath: m_LocalScale.z
      value: 0.13955182
      objectReference: {fileID: 0}
    - target: {fileID: 7599829190456835321, guid: f96ee692cde64f3429f744dc8082a3c3, type: 3}
      propertyPath: m_Name
      value: mug_3 Variant
      objectReference: {fileID: 0}
    m_RemovedComponents: []
  m_SourcePrefab: {fileID: 100100000, guid: f96ee692cde64f3429f744dc8082a3c3, type: 3}
--- !u!4 &1341219420470921289 stripped
Transform:
  m_CorrespondingSourceObject: {fileID: 7076233423045699139, guid: f96ee692cde64f3429f744dc8082a3c3, type: 3}
  m_PrefabInstance: {fileID: 8119747387257581066}
  m_PrefabAsset: {fileID: 0}
--- !u!1001 &8405221217655454730
PrefabInstance:
  m_ObjectHideFlags: 0
  serializedVersion: 2
  m_Modification:
    m_TransformParent: {fileID: 2577614140366332857}
    m_Modifications:
    - target: {fileID: 8514019780725737357, guid: 0c5f4acc08cabce4a891d28852a9e4ab, type: 3}
      propertyPath: m_LocalPosition.x
      value: -0.29286027
      objectReference: {fileID: 0}
    - target: {fileID: 8514019780725737357, guid: 0c5f4acc08cabce4a891d28852a9e4ab, type: 3}
      propertyPath: m_LocalPosition.y
      value: -0.16050301
      objectReference: {fileID: 0}
    - target: {fileID: 8514019780725737357, guid: 0c5f4acc08cabce4a891d28852a9e4ab, type: 3}
      propertyPath: m_LocalPosition.z
      value: -0.29583597
      objectReference: {fileID: 0}
    - target: {fileID: 8514019780725737357, guid: 0c5f4acc08cabce4a891d28852a9e4ab, type: 3}
      propertyPath: m_LocalRotation.x
      value: 0.6532808
      objectReference: {fileID: 0}
    - target: {fileID: 8514019780725737357, guid: 0c5f4acc08cabce4a891d28852a9e4ab, type: 3}
      propertyPath: m_LocalRotation.y
      value: -0.27059788
      objectReference: {fileID: 0}
    - target: {fileID: 8514019780725737357, guid: 0c5f4acc08cabce4a891d28852a9e4ab, type: 3}
      propertyPath: m_LocalRotation.z
      value: 0.27059713
      objectReference: {fileID: 0}
    - target: {fileID: 8514019780725737357, guid: 0c5f4acc08cabce4a891d28852a9e4ab, type: 3}
      propertyPath: m_LocalRotation.w
      value: 0.6532827
      objectReference: {fileID: 0}
    - target: {fileID: 8514019780725737357, guid: 0c5f4acc08cabce4a891d28852a9e4ab, type: 3}
      propertyPath: m_RootOrder
      value: 7
      objectReference: {fileID: 0}
    - target: {fileID: 8514019780725737357, guid: 0c5f4acc08cabce4a891d28852a9e4ab, type: 3}
      propertyPath: m_LocalEulerAnglesHint.x
      value: 90
      objectReference: {fileID: 0}
    - target: {fileID: 8514019780725737357, guid: 0c5f4acc08cabce4a891d28852a9e4ab, type: 3}
      propertyPath: m_LocalEulerAnglesHint.y
      value: 0
      objectReference: {fileID: 0}
    - target: {fileID: 8514019780725737357, guid: 0c5f4acc08cabce4a891d28852a9e4ab, type: 3}
      propertyPath: m_LocalEulerAnglesHint.z
      value: 45
      objectReference: {fileID: 0}
    - target: {fileID: 8514019780725737357, guid: 0c5f4acc08cabce4a891d28852a9e4ab, type: 3}
      propertyPath: m_LocalScale.x
      value: 0.24087001
      objectReference: {fileID: 0}
    - target: {fileID: 9037615376594033975, guid: 0c5f4acc08cabce4a891d28852a9e4ab, type: 3}
      propertyPath: m_Name
      value: bone_low (3)
      objectReference: {fileID: 0}
    m_RemovedComponents: []
  m_SourcePrefab: {fileID: 100100000, guid: 0c5f4acc08cabce4a891d28852a9e4ab, type: 3}
--- !u!4 &180856243280378759 stripped
Transform:
  m_CorrespondingSourceObject: {fileID: 8514019780725737357, guid: 0c5f4acc08cabce4a891d28852a9e4ab, type: 3}
  m_PrefabInstance: {fileID: 8405221217655454730}
  m_PrefabAsset: {fileID: 0}
--- !u!1001 &8914311115285195427
PrefabInstance:
  m_ObjectHideFlags: 0
  serializedVersion: 2
  m_Modification:
    m_TransformParent: {fileID: 2577614140366332857}
    m_Modifications:
    - target: {fileID: 1440747787930422026, guid: 4046ab229cbb9c84d9ffed64656b8ec0, type: 3}
      propertyPath: m_LocalPosition.x
      value: -0.010760307
      objectReference: {fileID: 0}
    - target: {fileID: 1440747787930422026, guid: 4046ab229cbb9c84d9ffed64656b8ec0, type: 3}
      propertyPath: m_LocalPosition.y
      value: -0.17118742
      objectReference: {fileID: 0}
    - target: {fileID: 1440747787930422026, guid: 4046ab229cbb9c84d9ffed64656b8ec0, type: 3}
      propertyPath: m_LocalPosition.z
      value: 0.09796405
      objectReference: {fileID: 0}
    - target: {fileID: 1440747787930422026, guid: 4046ab229cbb9c84d9ffed64656b8ec0, type: 3}
      propertyPath: m_LocalRotation.x
      value: -0
      objectReference: {fileID: 0}
    - target: {fileID: 1440747787930422026, guid: 4046ab229cbb9c84d9ffed64656b8ec0, type: 3}
      propertyPath: m_LocalRotation.y
      value: 0.38268274
      objectReference: {fileID: 0}
    - target: {fileID: 1440747787930422026, guid: 4046ab229cbb9c84d9ffed64656b8ec0, type: 3}
      propertyPath: m_LocalRotation.z
      value: -0
      objectReference: {fileID: 0}
    - target: {fileID: 1440747787930422026, guid: 4046ab229cbb9c84d9ffed64656b8ec0, type: 3}
      propertyPath: m_LocalRotation.w
      value: 0.9238798
      objectReference: {fileID: 0}
    - target: {fileID: 1440747787930422026, guid: 4046ab229cbb9c84d9ffed64656b8ec0, type: 3}
      propertyPath: m_RootOrder
      value: 3
      objectReference: {fileID: 0}
    - target: {fileID: 1440747787930422026, guid: 4046ab229cbb9c84d9ffed64656b8ec0, type: 3}
      propertyPath: m_LocalEulerAnglesHint.x
      value: 0
      objectReference: {fileID: 0}
    - target: {fileID: 1440747787930422026, guid: 4046ab229cbb9c84d9ffed64656b8ec0, type: 3}
      propertyPath: m_LocalEulerAnglesHint.y
      value: 45
      objectReference: {fileID: 0}
    - target: {fileID: 1440747787930422026, guid: 4046ab229cbb9c84d9ffed64656b8ec0, type: 3}
      propertyPath: m_LocalEulerAnglesHint.z
      value: 0
      objectReference: {fileID: 0}
    - target: {fileID: 1780400516974875056, guid: 4046ab229cbb9c84d9ffed64656b8ec0, type: 3}
      propertyPath: m_Name
      value: fork
      objectReference: {fileID: 0}
    m_RemovedComponents: []
  m_SourcePrefab: {fileID: 100100000, guid: 4046ab229cbb9c84d9ffed64656b8ec0, type: 3}
--- !u!4 &7515222176214426025 stripped
Transform:
  m_CorrespondingSourceObject: {fileID: 1440747787930422026, guid: 4046ab229cbb9c84d9ffed64656b8ec0, type: 3}
  m_PrefabInstance: {fileID: 8914311115285195427}
  m_PrefabAsset: {fileID: 0}
--- !u!1001 &9192106287651492416
PrefabInstance:
  m_ObjectHideFlags: 0
  serializedVersion: 2
  m_Modification:
    m_TransformParent: {fileID: 2577614140366332857}
    m_Modifications:
    - target: {fileID: 8514019780725737357, guid: 0c5f4acc08cabce4a891d28852a9e4ab, type: 3}
      propertyPath: m_LocalPosition.x
      value: 0.23871207
      objectReference: {fileID: 0}
    - target: {fileID: 8514019780725737357, guid: 0c5f4acc08cabce4a891d28852a9e4ab, type: 3}
      propertyPath: m_LocalPosition.y
      value: -0.16050301
      objectReference: {fileID: 0}
    - target: {fileID: 8514019780725737357, guid: 0c5f4acc08cabce4a891d28852a9e4ab, type: 3}
      propertyPath: m_LocalPosition.z
      value: -0.14148617
      objectReference: {fileID: 0}
    - target: {fileID: 8514019780725737357, guid: 0c5f4acc08cabce4a891d28852a9e4ab, type: 3}
      propertyPath: m_LocalRotation.x
      value: 0.35355407
      objectReference: {fileID: 0}
    - target: {fileID: 8514019780725737357, guid: 0c5f4acc08cabce4a891d28852a9e4ab, type: 3}
      propertyPath: m_LocalRotation.y
      value: -0.6123726
      objectReference: {fileID: 0}
    - target: {fileID: 8514019780725737357, guid: 0c5f4acc08cabce4a891d28852a9e4ab, type: 3}
      propertyPath: m_LocalRotation.z
      value: 0.6123709
      objectReference: {fileID: 0}
    - target: {fileID: 8514019780725737357, guid: 0c5f4acc08cabce4a891d28852a9e4ab, type: 3}
      propertyPath: m_LocalRotation.w
      value: 0.35355514
      objectReference: {fileID: 0}
    - target: {fileID: 8514019780725737357, guid: 0c5f4acc08cabce4a891d28852a9e4ab, type: 3}
      propertyPath: m_RootOrder
      value: 6
      objectReference: {fileID: 0}
    - target: {fileID: 8514019780725737357, guid: 0c5f4acc08cabce4a891d28852a9e4ab, type: 3}
      propertyPath: m_LocalEulerAnglesHint.x
      value: 90
      objectReference: {fileID: 0}
    - target: {fileID: 8514019780725737357, guid: 0c5f4acc08cabce4a891d28852a9e4ab, type: 3}
      propertyPath: m_LocalEulerAnglesHint.y
      value: 0
      objectReference: {fileID: 0}
    - target: {fileID: 8514019780725737357, guid: 0c5f4acc08cabce4a891d28852a9e4ab, type: 3}
      propertyPath: m_LocalEulerAnglesHint.z
      value: 120
      objectReference: {fileID: 0}
    - target: {fileID: 8514019780725737357, guid: 0c5f4acc08cabce4a891d28852a9e4ab, type: 3}
      propertyPath: m_LocalScale.x
      value: 0.24087001
      objectReference: {fileID: 0}
    - target: {fileID: 8514019780725737357, guid: 0c5f4acc08cabce4a891d28852a9e4ab, type: 3}
      propertyPath: m_LocalScale.y
      value: 0.24087003
      objectReference: {fileID: 0}
    - target: {fileID: 9037615376594033975, guid: 0c5f4acc08cabce4a891d28852a9e4ab, type: 3}
      propertyPath: m_Name
      value: bone_low (2)
      objectReference: {fileID: 0}
    m_RemovedComponents: []
  m_SourcePrefab: {fileID: 100100000, guid: 0c5f4acc08cabce4a891d28852a9e4ab, type: 3}
--- !u!4 &700085539895023053 stripped
Transform:
  m_CorrespondingSourceObject: {fileID: 8514019780725737357, guid: 0c5f4acc08cabce4a891d28852a9e4ab, type: 3}
  m_PrefabInstance: {fileID: 9192106287651492416}
  m_PrefabAsset: {fileID: 0}
