%YAML 1.1
%TAG !u! tag:unity3d.com,2011:
--- !u!1 &4141091239115462557
GameObject:
  m_ObjectHideFlags: 0
  m_CorrespondingSourceObject: {fileID: 0}
  m_PrefabInstance: {fileID: 0}
  m_PrefabAsset: {fileID: 0}
  serializedVersion: 6
  m_Component:
  - component: {fileID: 5361534663695618526}
  m_Layer: 0
  m_Name: Trash 1
  m_TagString: Untagged
  m_Icon: {fileID: 0}
  m_NavMeshLayer: 0
  m_StaticEditorFlags: 0
  m_IsActive: 1
--- !u!4 &5361534663695618526
Transform:
  m_ObjectHideFlags: 0
  m_CorrespondingSourceObject: {fileID: 0}
  m_PrefabInstance: {fileID: 0}
  m_PrefabAsset: {fileID: 0}
  m_GameObject: {fileID: 4141091239115462557}
  m_LocalRotation: {x: 0, y: 0, z: 0, w: 1}
  m_LocalPosition: {x: -3.0811398, y: 0.17415701, z: 3.513836}
  m_LocalScale: {x: 1, y: 1, z: 1}
  m_Children:
  - {fileID: 3505252225711540020}
  - {fileID: 2548634759698459669}
  - {fileID: 2128010912084626693}
  - {fileID: 137667624534037454}
  - {fileID: 7249142996768857784}
  - {fileID: 8880692527129967150}
  - {fileID: 6923524866442192810}
  - {fileID: 7719450078060546528}
  m_Father: {fileID: 0}
  m_RootOrder: 0
  m_LocalEulerAnglesHint: {x: 0, y: 0, z: 0}
--- !u!1001 &1303659615735093444
PrefabInstance:
  m_ObjectHideFlags: 0
  serializedVersion: 2
  m_Modification:
    m_TransformParent: {fileID: 5361534663695618526}
    m_Modifications:
    - target: {fileID: 1440747787930422026, guid: 4046ab229cbb9c84d9ffed64656b8ec0, type: 3}
      propertyPath: m_LocalPosition.x
      value: -0.010760307
      objectReference: {fileID: 0}
    - target: {fileID: 1440747787930422026, guid: 4046ab229cbb9c84d9ffed64656b8ec0, type: 3}
      propertyPath: m_LocalPosition.y
      value: -0.17118742
      objectReference: {fileID: 0}
    - target: {fileID: 1440747787930422026, guid: 4046ab229cbb9c84d9ffed64656b8ec0, type: 3}
      propertyPath: m_LocalPosition.z
      value: 0.09796405
      objectReference: {fileID: 0}
    - target: {fileID: 1440747787930422026, guid: 4046ab229cbb9c84d9ffed64656b8ec0, type: 3}
      propertyPath: m_LocalRotation.x
      value: -0
      objectReference: {fileID: 0}
    - target: {fileID: 1440747787930422026, guid: 4046ab229cbb9c84d9ffed64656b8ec0, type: 3}
      propertyPath: m_LocalRotation.y
      value: 0.38268274
      objectReference: {fileID: 0}
    - target: {fileID: 1440747787930422026, guid: 4046ab229cbb9c84d9ffed64656b8ec0, type: 3}
      propertyPath: m_LocalRotation.z
      value: -0
      objectReference: {fileID: 0}
    - target: {fileID: 1440747787930422026, guid: 4046ab229cbb9c84d9ffed64656b8ec0, type: 3}
      propertyPath: m_LocalRotation.w
      value: 0.9238798
      objectReference: {fileID: 0}
    - target: {fileID: 1440747787930422026, guid: 4046ab229cbb9c84d9ffed64656b8ec0, type: 3}
      propertyPath: m_RootOrder
      value: 3
      objectReference: {fileID: 0}
    - target: {fileID: 1440747787930422026, guid: 4046ab229cbb9c84d9ffed64656b8ec0, type: 3}
      propertyPath: m_LocalEulerAnglesHint.x
      value: 0
      objectReference: {fileID: 0}
    - target: {fileID: 1440747787930422026, guid: 4046ab229cbb9c84d9ffed64656b8ec0, type: 3}
      propertyPath: m_LocalEulerAnglesHint.y
      value: 45
      objectReference: {fileID: 0}
    - target: {fileID: 1440747787930422026, guid: 4046ab229cbb9c84d9ffed64656b8ec0, type: 3}
      propertyPath: m_LocalEulerAnglesHint.z
      value: 0
      objectReference: {fileID: 0}
    - target: {fileID: 1780400516974875056, guid: 4046ab229cbb9c84d9ffed64656b8ec0, type: 3}
      propertyPath: m_Name
      value: fork
      objectReference: {fileID: 0}
    m_RemovedComponents: []
  m_SourcePrefab: {fileID: 100100000, guid: 4046ab229cbb9c84d9ffed64656b8ec0, type: 3}
--- !u!4 &137667624534037454 stripped
Transform:
  m_CorrespondingSourceObject: {fileID: 1440747787930422026, guid: 4046ab229cbb9c84d9ffed64656b8ec0, type: 3}
  m_PrefabInstance: {fileID: 1303659615735093444}
  m_PrefabAsset: {fileID: 0}
--- !u!1001 &1599502233833070631
PrefabInstance:
  m_ObjectHideFlags: 0
  serializedVersion: 2
  m_Modification:
    m_TransformParent: {fileID: 5361534663695618526}
    m_Modifications:
    - target: {fileID: 8514019780725737357, guid: 0c5f4acc08cabce4a891d28852a9e4ab, type: 3}
      propertyPath: m_LocalPosition.x
      value: 0.27711964
      objectReference: {fileID: 0}
    - target: {fileID: 8514019780725737357, guid: 0c5f4acc08cabce4a891d28852a9e4ab, type: 3}
      propertyPath: m_LocalPosition.y
      value: -0.16050301
      objectReference: {fileID: 0}
    - target: {fileID: 8514019780725737357, guid: 0c5f4acc08cabce4a891d28852a9e4ab, type: 3}
      propertyPath: m_LocalPosition.z
      value: -0.040000677
      objectReference: {fileID: 0}
    - target: {fileID: 8514019780725737357, guid: 0c5f4acc08cabce4a891d28852a9e4ab, type: 3}
      propertyPath: m_LocalRotation.x
      value: -0.27059534
      objectReference: {fileID: 0}
    - target: {fileID: 8514019780725737357, guid: 0c5f4acc08cabce4a891d28852a9e4ab, type: 3}
      propertyPath: m_LocalRotation.y
      value: -0.6532834
      objectReference: {fileID: 0}
    - target: {fileID: 8514019780725737357, guid: 0c5f4acc08cabce4a891d28852a9e4ab, type: 3}
      propertyPath: m_LocalRotation.z
      value: 0.65328157
      objectReference: {fileID: 0}
    - target: {fileID: 8514019780725737357, guid: 0c5f4acc08cabce4a891d28852a9e4ab, type: 3}
      propertyPath: m_LocalRotation.w
      value: -0.27059597
      objectReference: {fileID: 0}
    - target: {fileID: 8514019780725737357, guid: 0c5f4acc08cabce4a891d28852a9e4ab, type: 3}
      propertyPath: m_RootOrder
      value: 6
      objectReference: {fileID: 0}
    - target: {fileID: 8514019780725737357, guid: 0c5f4acc08cabce4a891d28852a9e4ab, type: 3}
      propertyPath: m_LocalEulerAnglesHint.x
      value: 90
      objectReference: {fileID: 0}
    - target: {fileID: 8514019780725737357, guid: 0c5f4acc08cabce4a891d28852a9e4ab, type: 3}
      propertyPath: m_LocalEulerAnglesHint.y
      value: 0
      objectReference: {fileID: 0}
    - target: {fileID: 8514019780725737357, guid: 0c5f4acc08cabce4a891d28852a9e4ab, type: 3}
      propertyPath: m_LocalEulerAnglesHint.z
      value: 225
      objectReference: {fileID: 0}
    - target: {fileID: 8514019780725737357, guid: 0c5f4acc08cabce4a891d28852a9e4ab, type: 3}
      propertyPath: m_LocalScale.x
      value: 0.24087001
      objectReference: {fileID: 0}
    - target: {fileID: 8514019780725737357, guid: 0c5f4acc08cabce4a891d28852a9e4ab, type: 3}
      propertyPath: m_LocalScale.y
      value: 0.24087003
      objectReference: {fileID: 0}
    - target: {fileID: 9037615376594033975, guid: 0c5f4acc08cabce4a891d28852a9e4ab, type: 3}
      propertyPath: m_Name
      value: bone_low (2)
      objectReference: {fileID: 0}
    m_RemovedComponents: []
  m_SourcePrefab: {fileID: 100100000, guid: 0c5f4acc08cabce4a891d28852a9e4ab, type: 3}
--- !u!4 &6923524866442192810 stripped
Transform:
  m_CorrespondingSourceObject: {fileID: 8514019780725737357, guid: 0c5f4acc08cabce4a891d28852a9e4ab, type: 3}
  m_PrefabInstance: {fileID: 1599502233833070631}
  m_PrefabAsset: {fileID: 0}
--- !u!1001 &1805197997385882733
PrefabInstance:
  m_ObjectHideFlags: 0
  serializedVersion: 2
  m_Modification:
    m_TransformParent: {fileID: 5361534663695618526}
    m_Modifications:
    - target: {fileID: 7076233423045699139, guid: f96ee692cde64f3429f744dc8082a3c3, type: 3}
      propertyPath: m_LocalPosition.x
      value: 0.080726385
      objectReference: {fileID: 0}
    - target: {fileID: 7076233423045699139, guid: f96ee692cde64f3429f744dc8082a3c3, type: 3}
      propertyPath: m_LocalPosition.y
      value: -0.15255702
      objectReference: {fileID: 0}
    - target: {fileID: 7076233423045699139, guid: f96ee692cde64f3429f744dc8082a3c3, type: 3}
      propertyPath: m_LocalPosition.z
      value: 0.16726398
      objectReference: {fileID: 0}
    - target: {fileID: 7076233423045699139, guid: f96ee692cde64f3429f744dc8082a3c3, type: 3}
      propertyPath: m_LocalRotation.x
      value: 0.70032096
      objectReference: {fileID: 0}
    - target: {fileID: 7076233423045699139, guid: f96ee692cde64f3429f744dc8082a3c3, type: 3}
      propertyPath: m_LocalRotation.y
      value: 0.097719215
      objectReference: {fileID: 0}
    - target: {fileID: 7076233423045699139, guid: f96ee692cde64f3429f744dc8082a3c3, type: 3}
      propertyPath: m_LocalRotation.z
      value: 0.09771948
      objectReference: {fileID: 0}
    - target: {fileID: 7076233423045699139, guid: f96ee692cde64f3429f744dc8082a3c3, type: 3}
      propertyPath: m_LocalRotation.w
      value: 0.7003231
      objectReference: {fileID: 0}
    - target: {fileID: 7076233423045699139, guid: f96ee692cde64f3429f744dc8082a3c3, type: 3}
      propertyPath: m_RootOrder
      value: 5
      objectReference: {fileID: 0}
    - target: {fileID: 7076233423045699139, guid: f96ee692cde64f3429f744dc8082a3c3, type: 3}
      propertyPath: m_LocalEulerAnglesHint.x
      value: 74.113
      objectReference: {fileID: 0}
    - target: {fileID: 7076233423045699139, guid: f96ee692cde64f3429f744dc8082a3c3, type: 3}
      propertyPath: m_LocalEulerAnglesHint.y
      value: 89.999
      objectReference: {fileID: 0}
    - target: {fileID: 7076233423045699139, guid: f96ee692cde64f3429f744dc8082a3c3, type: 3}
      propertyPath: m_LocalEulerAnglesHint.z
      value: 89.999
      objectReference: {fileID: 0}
    - target: {fileID: 7076233423045699139, guid: f96ee692cde64f3429f744dc8082a3c3, type: 3}
      propertyPath: m_LocalScale.x
      value: 0.13955182
      objectReference: {fileID: 0}
    - target: {fileID: 7076233423045699139, guid: f96ee692cde64f3429f744dc8082a3c3, type: 3}
      propertyPath: m_LocalScale.z
      value: 0.13955182
      objectReference: {fileID: 0}
    - target: {fileID: 7599829190456835321, guid: f96ee692cde64f3429f744dc8082a3c3, type: 3}
      propertyPath: m_Name
      value: mug_3 Variant
      objectReference: {fileID: 0}
    m_RemovedComponents: []
  m_SourcePrefab: {fileID: 100100000, guid: f96ee692cde64f3429f744dc8082a3c3, type: 3}
--- !u!4 &8880692527129967150 stripped
Transform:
  m_CorrespondingSourceObject: {fileID: 7076233423045699139, guid: f96ee692cde64f3429f744dc8082a3c3, type: 3}
  m_PrefabInstance: {fileID: 1805197997385882733}
  m_PrefabAsset: {fileID: 0}
--- !u!1001 &2091676921533795949
PrefabInstance:
  m_ObjectHideFlags: 0
  serializedVersion: 2
  m_Modification:
    m_TransformParent: {fileID: 5361534663695618526}
    m_Modifications:
    - target: {fileID: 8514019780725737357, guid: 0c5f4acc08cabce4a891d28852a9e4ab, type: 3}
      propertyPath: m_LocalPosition.x
      value: -0.14420986
      objectReference: {fileID: 0}
    - target: {fileID: 8514019780725737357, guid: 0c5f4acc08cabce4a891d28852a9e4ab, type: 3}
      propertyPath: m_LocalPosition.y
      value: -0.16050301
      objectReference: {fileID: 0}
    - target: {fileID: 8514019780725737357, guid: 0c5f4acc08cabce4a891d28852a9e4ab, type: 3}
      propertyPath: m_LocalPosition.z
      value: -0.100420475
      objectReference: {fileID: 0}
    - target: {fileID: 8514019780725737357, guid: 0c5f4acc08cabce4a891d28852a9e4ab, type: 3}
      propertyPath: m_LocalRotation.x
      value: 0.49999994
      objectReference: {fileID: 0}
    - target: {fileID: 8514019780725737357, guid: 0c5f4acc08cabce4a891d28852a9e4ab, type: 3}
      propertyPath: m_LocalRotation.y
      value: 0.50000006
      objectReference: {fileID: 0}
    - target: {fileID: 8514019780725737357, guid: 0c5f4acc08cabce4a891d28852a9e4ab, type: 3}
      propertyPath: m_LocalRotation.z
      value: -0.49999866
      objectReference: {fileID: 0}
    - target: {fileID: 8514019780725737357, guid: 0c5f4acc08cabce4a891d28852a9e4ab, type: 3}
      propertyPath: m_LocalRotation.w
      value: 0.5000013
      objectReference: {fileID: 0}
    - target: {fileID: 8514019780725737357, guid: 0c5f4acc08cabce4a891d28852a9e4ab, type: 3}
      propertyPath: m_RootOrder
      value: 7
      objectReference: {fileID: 0}
    - target: {fileID: 8514019780725737357, guid: 0c5f4acc08cabce4a891d28852a9e4ab, type: 3}
      propertyPath: m_LocalEulerAnglesHint.x
      value: 90
      objectReference: {fileID: 0}
    - target: {fileID: 8514019780725737357, guid: 0c5f4acc08cabce4a891d28852a9e4ab, type: 3}
      propertyPath: m_LocalEulerAnglesHint.y
      value: 0
      objectReference: {fileID: 0}
    - target: {fileID: 8514019780725737357, guid: 0c5f4acc08cabce4a891d28852a9e4ab, type: 3}
      propertyPath: m_LocalEulerAnglesHint.z
      value: -90
      objectReference: {fileID: 0}
    - target: {fileID: 8514019780725737357, guid: 0c5f4acc08cabce4a891d28852a9e4ab, type: 3}
      propertyPath: m_LocalScale.x
      value: 0.24087001
      objectReference: {fileID: 0}
    - target: {fileID: 9037615376594033975, guid: 0c5f4acc08cabce4a891d28852a9e4ab, type: 3}
      propertyPath: m_Name
      value: bone_low (3)
      objectReference: {fileID: 0}
    m_RemovedComponents: []
  m_SourcePrefab: {fileID: 100100000, guid: 0c5f4acc08cabce4a891d28852a9e4ab, type: 3}
--- !u!4 &7719450078060546528 stripped
Transform:
  m_CorrespondingSourceObject: {fileID: 8514019780725737357, guid: 0c5f4acc08cabce4a891d28852a9e4ab, type: 3}
  m_PrefabInstance: {fileID: 2091676921533795949}
  m_PrefabAsset: {fileID: 0}
--- !u!1001 &5080895674600489145
PrefabInstance:
  m_ObjectHideFlags: 0
  serializedVersion: 2
  m_Modification:
    m_TransformParent: {fileID: 5361534663695618526}
    m_Modifications:
    - target: {fileID: 8514019780725737357, guid: 0c5f4acc08cabce4a891d28852a9e4ab, type: 3}
      propertyPath: m_LocalPosition.x
      value: 0.007385254
      objectReference: {fileID: 0}
    - target: {fileID: 8514019780725737357, guid: 0c5f4acc08cabce4a891d28852a9e4ab, type: 3}
      propertyPath: m_LocalPosition.y
      value: -0.16050301
      objectReference: {fileID: 0}
    - target: {fileID: 8514019780725737357, guid: 0c5f4acc08cabce4a891d28852a9e4ab, type: 3}
      propertyPath: m_LocalPosition.z
      value: -0.17918515
      objectReference: {fileID: 0}
    - target: {fileID: 8514019780725737357, guid: 0c5f4acc08cabce4a891d28852a9e4ab, type: 3}
      propertyPath: m_LocalRotation.x
      value: 0.7010564
      objectReference: {fileID: 0}
    - target: {fileID: 8514019780725737357, guid: 0c5f4acc08cabce4a891d28852a9e4ab, type: 3}
      propertyPath: m_LocalRotation.y
      value: -0.09229592
      objectReference: {fileID: 0}
    - target: {fileID: 8514019780725737357, guid: 0c5f4acc08cabce4a891d28852a9e4ab, type: 3}
      propertyPath: m_LocalRotation.z
      value: 0.092295624
      objectReference: {fileID: 0}
    - target: {fileID: 8514019780725737357, guid: 0c5f4acc08cabce4a891d28852a9e4ab, type: 3}
      propertyPath: m_LocalRotation.w
      value: 0.70105845
      objectReference: {fileID: 0}
    - target: {fileID: 8514019780725737357, guid: 0c5f4acc08cabce4a891d28852a9e4ab, type: 3}
      propertyPath: m_RootOrder
      value: 0
      objectReference: {fileID: 0}
    - target: {fileID: 8514019780725737357, guid: 0c5f4acc08cabce4a891d28852a9e4ab, type: 3}
      propertyPath: m_LocalEulerAnglesHint.x
      value: 90
      objectReference: {fileID: 0}
    - target: {fileID: 8514019780725737357, guid: 0c5f4acc08cabce4a891d28852a9e4ab, type: 3}
      propertyPath: m_LocalEulerAnglesHint.y
      value: 0
      objectReference: {fileID: 0}
    - target: {fileID: 8514019780725737357, guid: 0c5f4acc08cabce4a891d28852a9e4ab, type: 3}
      propertyPath: m_LocalEulerAnglesHint.z
      value: 15
      objectReference: {fileID: 0}
    - target: {fileID: 8514019780725737357, guid: 0c5f4acc08cabce4a891d28852a9e4ab, type: 3}
      propertyPath: m_LocalScale.y
      value: 0.24086998
      objectReference: {fileID: 0}
    - target: {fileID: 9037615376594033975, guid: 0c5f4acc08cabce4a891d28852a9e4ab, type: 3}
      propertyPath: m_Name
      value: bone_low (1)
      objectReference: {fileID: 0}
    m_RemovedComponents: []
  m_SourcePrefab: {fileID: 100100000, guid: 0c5f4acc08cabce4a891d28852a9e4ab, type: 3}
--- !u!4 &3505252225711540020 stripped
Transform:
  m_CorrespondingSourceObject: {fileID: 8514019780725737357, guid: 0c5f4acc08cabce4a891d28852a9e4ab, type: 3}
  m_PrefabInstance: {fileID: 5080895674600489145}
  m_PrefabAsset: {fileID: 0}
--- !u!1001 &5407772326453712237
PrefabInstance:
  m_ObjectHideFlags: 0
  serializedVersion: 2
  m_Modification:
    m_TransformParent: {fileID: 5361534663695618526}
    m_Modifications:
    - target: {fileID: 6234234098580428904, guid: 9bcdc947b2c2438499fdb386ec0f06bf, type: 3}
      propertyPath: m_LocalPosition.x
      value: 0.2787397
      objectReference: {fileID: 0}
    - target: {fileID: 6234234098580428904, guid: 9bcdc947b2c2438499fdb386ec0f06bf, type: 3}
      propertyPath: m_LocalPosition.y
      value: -0.17302401
      objectReference: {fileID: 0}
    - target: {fileID: 6234234098580428904, guid: 9bcdc947b2c2438499fdb386ec0f06bf, type: 3}
      propertyPath: m_LocalPosition.z
      value: 0.03756404
      objectReference: {fileID: 0}
    - target: {fileID: 6234234098580428904, guid: 9bcdc947b2c2438499fdb386ec0f06bf, type: 3}
      propertyPath: m_LocalRotation.x
      value: -0
      objectReference: {fileID: 0}
    - target: {fileID: 6234234098580428904, guid: 9bcdc947b2c2438499fdb386ec0f06bf, type: 3}
      propertyPath: m_LocalRotation.y
      value: -0
      objectReference: {fileID: 0}
    - target: {fileID: 6234234098580428904, guid: 9bcdc947b2c2438499fdb386ec0f06bf, type: 3}
      propertyPath: m_LocalRotation.z
      value: -0
      objectReference: {fileID: 0}
    - target: {fileID: 6234234098580428904, guid: 9bcdc947b2c2438499fdb386ec0f06bf, type: 3}
      propertyPath: m_LocalRotation.w
      value: 1
      objectReference: {fileID: 0}
    - target: {fileID: 6234234098580428904, guid: 9bcdc947b2c2438499fdb386ec0f06bf, type: 3}
      propertyPath: m_RootOrder
      value: 2
      objectReference: {fileID: 0}
    - target: {fileID: 6234234098580428904, guid: 9bcdc947b2c2438499fdb386ec0f06bf, type: 3}
      propertyPath: m_LocalEulerAnglesHint.x
      value: 0
      objectReference: {fileID: 0}
    - target: {fileID: 6234234098580428904, guid: 9bcdc947b2c2438499fdb386ec0f06bf, type: 3}
      propertyPath: m_LocalEulerAnglesHint.y
      value: 0
      objectReference: {fileID: 0}
    - target: {fileID: 6234234098580428904, guid: 9bcdc947b2c2438499fdb386ec0f06bf, type: 3}
      propertyPath: m_LocalEulerAnglesHint.z
      value: 0
      objectReference: {fileID: 0}
    - target: {fileID: 6759800018480382674, guid: 9bcdc947b2c2438499fdb386ec0f06bf, type: 3}
      propertyPath: m_Name
      value: knife
      objectReference: {fileID: 0}
    m_RemovedComponents: []
  m_SourcePrefab: {fileID: 100100000, guid: 9bcdc947b2c2438499fdb386ec0f06bf, type: 3}
--- !u!4 &2128010912084626693 stripped
Transform:
  m_CorrespondingSourceObject: {fileID: 6234234098580428904, guid: 9bcdc947b2c2438499fdb386ec0f06bf, type: 3}
  m_PrefabInstance: {fileID: 5407772326453712237}
  m_PrefabAsset: {fileID: 0}
--- !u!1001 &8026915344085107009
PrefabInstance:
  m_ObjectHideFlags: 0
  serializedVersion: 2
  m_Modification:
    m_TransformParent: {fileID: 5361534663695618526}
    m_Modifications:
    - target: {fileID: 5147638121208821742, guid: 84aa449e3f2d2ac478983a4e56ce7246, type: 3}
      propertyPath: m_Name
      value: mug_4 Variant
      objectReference: {fileID: 0}
    - target: {fileID: 5493201004421279060, guid: 84aa449e3f2d2ac478983a4e56ce7246, type: 3}
      propertyPath: m_LocalPosition.x
      value: 0.164
      objectReference: {fileID: 0}
    - target: {fileID: 5493201004421279060, guid: 84aa449e3f2d2ac478983a4e56ce7246, type: 3}
      propertyPath: m_LocalPosition.y
      value: -0.14615701
      objectReference: {fileID: 0}
    - target: {fileID: 5493201004421279060, guid: 84aa449e3f2d2ac478983a4e56ce7246, type: 3}
      propertyPath: m_LocalPosition.z
      value: 0.076
      objectReference: {fileID: 0}
    - target: {fileID: 5493201004421279060, guid: 84aa449e3f2d2ac478983a4e56ce7246, type: 3}
      propertyPath: m_LocalRotation.x
      value: 0.58909786
      objectReference: {fileID: 0}
    - target: {fileID: 5493201004421279060, guid: 84aa449e3f2d2ac478983a4e56ce7246, type: 3}
      propertyPath: m_LocalRotation.y
      value: 0.5890966
      objectReference: {fileID: 0}
    - target: {fileID: 5493201004421279060, guid: 84aa449e3f2d2ac478983a4e56ce7246, type: 3}
      propertyPath: m_LocalRotation.z
      value: -0.39110476
      objectReference: {fileID: 0}
    - target: {fileID: 5493201004421279060, guid: 84aa449e3f2d2ac478983a4e56ce7246, type: 3}
      propertyPath: m_LocalRotation.w
      value: 0.39110872
      objectReference: {fileID: 0}
    - target: {fileID: 5493201004421279060, guid: 84aa449e3f2d2ac478983a4e56ce7246, type: 3}
      propertyPath: m_RootOrder
      value: 1
      objectReference: {fileID: 0}
    - target: {fileID: 5493201004421279060, guid: 84aa449e3f2d2ac478983a4e56ce7246, type: 3}
      propertyPath: m_LocalEulerAnglesHint.x
      value: 67.161
      objectReference: {fileID: 0}
    - target: {fileID: 5493201004421279060, guid: 84aa449e3f2d2ac478983a4e56ce7246, type: 3}
      propertyPath: m_LocalEulerAnglesHint.y
      value: 179.999
      objectReference: {fileID: 0}
    - target: {fileID: 5493201004421279060, guid: 84aa449e3f2d2ac478983a4e56ce7246, type: 3}
      propertyPath: m_LocalEulerAnglesHint.z
      value: 90
      objectReference: {fileID: 0}
    - target: {fileID: 5493201004421279060, guid: 84aa449e3f2d2ac478983a4e56ce7246, type: 3}
      propertyPath: m_LocalScale.x
      value: 0.13955182
      objectReference: {fileID: 0}
    - target: {fileID: 5493201004421279060, guid: 84aa449e3f2d2ac478983a4e56ce7246, type: 3}
      propertyPath: m_LocalScale.z
      value: 0.13955182
      objectReference: {fileID: 0}
    m_RemovedComponents: []
  m_SourcePrefab: {fileID: 100100000, guid: 84aa449e3f2d2ac478983a4e56ce7246, type: 3}
--- !u!4 &2548634759698459669 stripped
Transform:
  m_CorrespondingSourceObject: {fileID: 5493201004421279060, guid: 84aa449e3f2d2ac478983a4e56ce7246, type: 3}
  m_PrefabInstance: {fileID: 8026915344085107009}
  m_PrefabAsset: {fileID: 0}
--- !u!1001 &8088987551298475100
PrefabInstance:
  m_ObjectHideFlags: 0
  serializedVersion: 2
  m_Modification:
    m_TransformParent: {fileID: 5361534663695618526}
    m_Modifications:
    - target: {fileID: 1503070293757315812, guid: c54a35a6de9aaff4db867007390a7230, type: 3}
      propertyPath: m_LocalPosition.x
      value: -0.0608
      objectReference: {fileID: 0}
    - target: {fileID: 1503070293757315812, guid: c54a35a6de9aaff4db867007390a7230, type: 3}
      propertyPath: m_LocalPosition.y
      value: -0.16909318
      objectReference: {fileID: 0}
    - target: {fileID: 1503070293757315812, guid: c54a35a6de9aaff4db867007390a7230, type: 3}
      propertyPath: m_LocalPosition.z
      value: -0.0471
      objectReference: {fileID: 0}
    - target: {fileID: 1503070293757315812, guid: c54a35a6de9aaff4db867007390a7230, type: 3}
      propertyPath: m_LocalRotation.x
      value: -0
      objectReference: {fileID: 0}
    - target: {fileID: 1503070293757315812, guid: c54a35a6de9aaff4db867007390a7230, type: 3}
      propertyPath: m_LocalRotation.y
      value: 0.20392211
      objectReference: {fileID: 0}
    - target: {fileID: 1503070293757315812, guid: c54a35a6de9aaff4db867007390a7230, type: 3}
      propertyPath: m_LocalRotation.z
      value: -0
      objectReference: {fileID: 0}
    - target: {fileID: 1503070293757315812, guid: c54a35a6de9aaff4db867007390a7230, type: 3}
      propertyPath: m_LocalRotation.w
      value: 0.97898716
      objectReference: {fileID: 0}
    - target: {fileID: 1503070293757315812, guid: c54a35a6de9aaff4db867007390a7230, type: 3}
      propertyPath: m_RootOrder
      value: 4
      objectReference: {fileID: 0}
    - target: {fileID: 1503070293757315812, guid: c54a35a6de9aaff4db867007390a7230, type: 3}
      propertyPath: m_LocalEulerAnglesHint.x
      value: 0
      objectReference: {fileID: 0}
    - target: {fileID: 1503070293757315812, guid: c54a35a6de9aaff4db867007390a7230, type: 3}
      propertyPath: m_LocalEulerAnglesHint.y
      value: 23.533
      objectReference: {fileID: 0}
    - target: {fileID: 1503070293757315812, guid: c54a35a6de9aaff4db867007390a7230, type: 3}
      propertyPath: m_LocalEulerAnglesHint.z
      value: 0
      objectReference: {fileID: 0}
    - target: {fileID: 1503070293757315812, guid: c54a35a6de9aaff4db867007390a7230, type: 3}
      propertyPath: m_LocalScale.x
      value: 0.11085236
      objectReference: {fileID: 0}
    - target: {fileID: 1503070293757315812, guid: c54a35a6de9aaff4db867007390a7230, type: 3}
      propertyPath: m_LocalScale.z
      value: 0.11085236
      objectReference: {fileID: 0}
    - target: {fileID: 2274364933676765278, guid: c54a35a6de9aaff4db867007390a7230, type: 3}
      propertyPath: m_Name
      value: plat_low
      objectReference: {fileID: 0}
    m_RemovedComponents: []
  m_SourcePrefab: {fileID: 100100000, guid: c54a35a6de9aaff4db867007390a7230, type: 3}
--- !u!4 &7249142996768857784 stripped
Transform:
  m_CorrespondingSourceObject: {fileID: 1503070293757315812, guid: c54a35a6de9aaff4db867007390a7230, type: 3}
  m_PrefabInstance: {fileID: 8088987551298475100}
  m_PrefabAsset: {fileID: 0}
