%YAML 1.1
%TAG !u! tag:unity3d.com,2011:
--- !u!1 &1701055586406149626
GameObject:
  m_ObjectHideFlags: 0
  m_CorrespondingSourceObject: {fileID: 0}
  m_PrefabInstance: {fileID: 0}
  m_PrefabAsset: {fileID: 0}
  serializedVersion: 6
  m_Component:
  - component: {fileID: 1701055586406149627}
  m_Layer: 0
  m_Name: BunkerEntrance
  m_TagString: Untagged
  m_Icon: {fileID: 0}
  m_NavMeshLayer: 0
  m_StaticEditorFlags: 0
  m_IsActive: 1
--- !u!4 &1701055586406149627
Transform:
  m_ObjectHideFlags: 0
  m_CorrespondingSourceObject: {fileID: 0}
  m_PrefabInstance: {fileID: 0}
  m_PrefabAsset: {fileID: 0}
  m_GameObject: {fileID: 1701055586406149626}
  m_LocalRotation: {x: -0, y: -0, z: -0, w: 1}
  m_LocalPosition: {x: 0, y: 20, z: 160.8}
  m_LocalScale: {x: 1, y: 1, z: 1}
  m_Children:
  - {fileID: 1157957774762409323}
  m_Father: {fileID: 0}
  m_RootOrder: 0
  m_LocalEulerAnglesHint: {x: 0, y: 0, z: 0}
--- !u!95 &1701055587164892526
Animator:
  serializedVersion: 3
  m_ObjectHideFlags: 0
  m_CorrespondingSourceObject: {fileID: 0}
  m_PrefabInstance: {fileID: 0}
  m_PrefabAsset: {fileID: 0}
  m_GameObject: {fileID: 1970945900506064849}
  m_Enabled: 1
  m_Avatar: {fileID: 0}
  m_Controller: {fileID: 9100000, guid: d8f17939170205a4da8585c23aeb5d39, type: 2}
  m_CullingMode: 0
  m_UpdateMode: 0
  m_ApplyRootMotion: 0
  m_LinearVelocityBlending: 0
  m_WarningMessage: 
  m_HasTransformHierarchy: 1
  m_AllowConstantClipSamplingOptimization: 1
  m_KeepAnimatorControllerStateOnDisable: 0
--- !u!1 &3708863483170343295
GameObject:
  m_ObjectHideFlags: 0
  m_CorrespondingSourceObject: {fileID: 0}
  m_PrefabInstance: {fileID: 0}
  m_PrefabAsset: {fileID: 0}
  serializedVersion: 6
  m_Component:
  - component: {fileID: 7664937779268919175}
  - component: {fileID: 5019411991737516007}
  - component: {fileID: 8784839164866124676}
  - component: {fileID: 5591231065201403720}
  m_Layer: 0
  m_Name: EntranceCollider
  m_TagString: Untagged
  m_Icon: {fileID: 0}
  m_NavMeshLayer: 0
  m_StaticEditorFlags: 0
  m_IsActive: 1
--- !u!4 &7664937779268919175
Transform:
  m_ObjectHideFlags: 0
  m_CorrespondingSourceObject: {fileID: 0}
  m_PrefabInstance: {fileID: 0}
  m_PrefabAsset: {fileID: 0}
  m_GameObject: {fileID: 3708863483170343295}
  m_LocalRotation: {x: 0, y: 0, z: 0, w: 1}
  m_LocalPosition: {x: 0, y: 0, z: 0}
  m_LocalScale: {x: 1, y: 1, z: 1}
  m_Children: []
  m_Father: {fileID: 8033340235987026440}
  m_RootOrder: 0
  m_LocalEulerAnglesHint: {x: 0, y: 0, z: 0}
--- !u!65 &5019411991737516007
BoxCollider:
  m_ObjectHideFlags: 0
  m_CorrespondingSourceObject: {fileID: 0}
  m_PrefabInstance: {fileID: 0}
  m_PrefabAsset: {fileID: 0}
  m_GameObject: {fileID: 3708863483170343295}
  m_Material: {fileID: 0}
  m_IsTrigger: 0
  m_Enabled: 1
  serializedVersion: 2
  m_Size: {x: 8.5, y: 1.6217747, z: 9.475983}
  m_Center: {x: 0, y: 4.919036, z: -3.6776161}
--- !u!65 &8784839164866124676
BoxCollider:
  m_ObjectHideFlags: 0
  m_CorrespondingSourceObject: {fileID: 0}
  m_PrefabInstance: {fileID: 0}
  m_PrefabAsset: {fileID: 0}
  m_GameObject: {fileID: 3708863483170343295}
  m_Material: {fileID: 0}
  m_IsTrigger: 0
  m_Enabled: 1
  serializedVersion: 2
  m_Size: {x: 1.4457107, y: 4.1230335, z: 9.692587}
  m_Center: {x: 3.524783, y: 2.0559955, z: -3.753707}
--- !u!65 &5591231065201403720
BoxCollider:
  m_ObjectHideFlags: 0
  m_CorrespondingSourceObject: {fileID: 0}
  m_PrefabInstance: {fileID: 0}
  m_PrefabAsset: {fileID: 0}
  m_GameObject: {fileID: 3708863483170343295}
  m_Material: {fileID: 0}
  m_IsTrigger: 0
  m_Enabled: 1
  serializedVersion: 2
  m_Size: {x: 1.4457107, y: 4.1230335, z: 9.692587}
  m_Center: {x: -3.524783, y: 2.0559955, z: -3.753707}
--- !u!65 &7055995297661191982
BoxCollider:
  m_ObjectHideFlags: 0
  m_CorrespondingSourceObject: {fileID: 0}
  m_PrefabInstance: {fileID: 0}
  m_PrefabAsset: {fileID: 0}
  m_GameObject: {fileID: 4528397807231265808}
  m_Material: {fileID: 0}
  m_IsTrigger: 0
  m_Enabled: 1
  serializedVersion: 2
  m_Size: {x: 3.0921044, y: 4.2153416, z: 0.92338717}
  m_Center: {x: -1.4365649, y: -0.00000011920929, z: -0.35358077}
--- !u!65 &4392273772715653193
BoxCollider:
  m_ObjectHideFlags: 0
  m_CorrespondingSourceObject: {fileID: 0}
  m_PrefabInstance: {fileID: 0}
  m_PrefabAsset: {fileID: 0}
  m_GameObject: {fileID: 7394328092906231421}
  m_Material: {fileID: 0}
  m_IsTrigger: 0
  m_Enabled: 1
  serializedVersion: 2
  m_Size: {x: 3.2080593, y: 4.301925, z: 0.9233874}
  m_Center: {x: 1.5146725, y: 0, z: -0.35557044}
--- !u!1001 &1701055588154219136
PrefabInstance:
  m_ObjectHideFlags: 0
  serializedVersion: 2
  m_Modification:
    m_TransformParent: {fileID: 1701055586406149627}
    m_Modifications:
    - target: {fileID: -8679921383154817045, guid: 6d45dde74cf0a8541bcc3ce26a302a03, type: 3}
      propertyPath: m_LocalPosition.x
      value: 0
      objectReference: {fileID: 0}
    - target: {fileID: -8679921383154817045, guid: 6d45dde74cf0a8541bcc3ce26a302a03, type: 3}
      propertyPath: m_LocalPosition.y
      value: 0
      objectReference: {fileID: 0}
    - target: {fileID: -8679921383154817045, guid: 6d45dde74cf0a8541bcc3ce26a302a03, type: 3}
      propertyPath: m_LocalPosition.z
      value: 0
      objectReference: {fileID: 0}
    - target: {fileID: -8679921383154817045, guid: 6d45dde74cf0a8541bcc3ce26a302a03, type: 3}
      propertyPath: m_LocalRotation.x
      value: -0
      objectReference: {fileID: 0}
    - target: {fileID: -8679921383154817045, guid: 6d45dde74cf0a8541bcc3ce26a302a03, type: 3}
      propertyPath: m_LocalRotation.y
      value: 1
      objectReference: {fileID: 0}
    - target: {fileID: -8679921383154817045, guid: 6d45dde74cf0a8541bcc3ce26a302a03, type: 3}
      propertyPath: m_LocalRotation.z
      value: -0
      objectReference: {fileID: 0}
    - target: {fileID: -8679921383154817045, guid: 6d45dde74cf0a8541bcc3ce26a302a03, type: 3}
      propertyPath: m_LocalRotation.w
      value: 0
      objectReference: {fileID: 0}
    - target: {fileID: -8679921383154817045, guid: 6d45dde74cf0a8541bcc3ce26a302a03, type: 3}
      propertyPath: m_RootOrder
      value: 0
      objectReference: {fileID: 0}
    - target: {fileID: -8679921383154817045, guid: 6d45dde74cf0a8541bcc3ce26a302a03, type: 3}
      propertyPath: m_LocalEulerAnglesHint.x
      value: 0
      objectReference: {fileID: 0}
    - target: {fileID: -8679921383154817045, guid: 6d45dde74cf0a8541bcc3ce26a302a03, type: 3}
      propertyPath: m_LocalEulerAnglesHint.y
      value: 180
      objectReference: {fileID: 0}
    - target: {fileID: -8679921383154817045, guid: 6d45dde74cf0a8541bcc3ce26a302a03, type: 3}
      propertyPath: m_LocalEulerAnglesHint.z
      value: 0
      objectReference: {fileID: 0}
    - target: {fileID: 919132149155446097, guid: 6d45dde74cf0a8541bcc3ce26a302a03, type: 3}
      propertyPath: m_Name
      value: bunker door
      objectReference: {fileID: 0}
    m_RemovedComponents: []
  m_SourcePrefab: {fileID: 100100000, guid: 6d45dde74cf0a8541bcc3ce26a302a03, type: 3}
--- !u!1 &1970945900506064849 stripped
GameObject:
  m_CorrespondingSourceObject: {fileID: 919132149155446097, guid: 6d45dde74cf0a8541bcc3ce26a302a03, type: 3}
  m_PrefabInstance: {fileID: 1701055588154219136}
  m_PrefabAsset: {fileID: 0}
--- !u!4 &1157957774762409323 stripped
Transform:
  m_CorrespondingSourceObject: {fileID: -8679921383154817045, guid: 6d45dde74cf0a8541bcc3ce26a302a03, type: 3}
  m_PrefabInstance: {fileID: 1701055588154219136}
  m_PrefabAsset: {fileID: 0}
--- !u!4 &8033340235987026440 stripped
Transform:
  m_CorrespondingSourceObject: {fileID: -511310931620521848, guid: 6d45dde74cf0a8541bcc3ce26a302a03, type: 3}
  m_PrefabInstance: {fileID: 1701055588154219136}
  m_PrefabAsset: {fileID: 0}
--- !u!1 &7394328092906231421 stripped
GameObject:
  m_CorrespondingSourceObject: {fileID: 8144394004440419581, guid: 6d45dde74cf0a8541bcc3ce26a302a03, type: 3}
  m_PrefabInstance: {fileID: 1701055588154219136}
  m_PrefabAsset: {fileID: 0}
--- !u!1 &4528397807231265808 stripped
GameObject:
  m_CorrespondingSourceObject: {fileID: -6250076149019478384, guid: 6d45dde74cf0a8541bcc3ce26a302a03, type: 3}
  m_PrefabInstance: {fileID: 1701055588154219136}
  m_PrefabAsset: {fileID: 0}
