%YAML 1.1
%TAG !u! tag:unity3d.com,2011:
--- !u!1 &274993596546618808
GameObject:
  m_ObjectHideFlags: 0
  m_CorrespondingSourceObject: {fileID: 0}
  m_PrefabInstance: {fileID: 0}
  m_PrefabAsset: {fileID: 0}
  serializedVersion: 6
  m_Component:
  - component: {fileID: 3328444446453281818}
  m_Layer: 0
  m_Name: AMMO_BOXES (4)
  m_TagString: Untagged
  m_Icon: {fileID: 0}
  m_NavMeshLayer: 0
  m_StaticEditorFlags: 0
  m_IsActive: 1
--- !u!4 &3328444446453281818
Transform:
  m_ObjectHideFlags: 0
  m_CorrespondingSourceObject: {fileID: 0}
  m_PrefabInstance: {fileID: 0}
  m_PrefabAsset: {fileID: 0}
  m_GameObject: {fileID: 274993596546618808}
  m_LocalRotation: {x: -0, y: 1, z: -0, w: 0.0000029504295}
  m_LocalPosition: {x: -0.062465668, y: 1.9272873, z: -0.34648508}
  m_LocalScale: {x: 2.5, y: 2.5, z: 2.5}
  m_Children:
  - {fileID: 7698431149688616699}
  m_Father: {fileID: 6182232352230948004}
  m_RootOrder: 3
  m_LocalEulerAnglesHint: {x: 0, y: 180, z: 0}
--- !u!1 &1528598626081194881
GameObject:
  m_ObjectHideFlags: 0
  m_CorrespondingSourceObject: {fileID: 0}
  m_PrefabInstance: {fileID: 0}
  m_PrefabAsset: {fileID: 0}
  serializedVersion: 6
  m_Component:
  - component: {fileID: 2155088693690460399}
  m_Layer: 0
  m_Name: AMMO_BOXES (3)
  m_TagString: Untagged
  m_Icon: {fileID: 0}
  m_NavMeshLayer: 0
  m_StaticEditorFlags: 0
  m_IsActive: 1
--- !u!4 &2155088693690460399
Transform:
  m_ObjectHideFlags: 0
  m_CorrespondingSourceObject: {fileID: 0}
  m_PrefabInstance: {fileID: 0}
  m_PrefabAsset: {fileID: 0}
  m_GameObject: {fileID: 1528598626081194881}
  m_LocalRotation: {x: -0, y: 0.000000014901161, z: -0, w: 1}
  m_LocalPosition: {x: -0.11165619, y: 2.2272873, z: 0.37852496}
  m_LocalScale: {x: 2.5, y: 2.5, z: 2.5}
  m_Children:
  - {fileID: 6425150319068111996}
  - {fileID: 1134005667641134809}
  m_Father: {fileID: 6182232352230948004}
  m_RootOrder: 4
  m_LocalEulerAnglesHint: {x: 0, y: 0, z: 0}
--- !u!1 &4915410568712640754
GameObject:
  m_ObjectHideFlags: 0
  m_CorrespondingSourceObject: {fileID: 0}
  m_PrefabInstance: {fileID: 0}
  m_PrefabAsset: {fileID: 0}
  serializedVersion: 6
  m_Component:
  - component: {fileID: 2387142676601618814}
  m_Layer: 0
  m_Name: AMMO_BOXES
  m_TagString: Untagged
  m_Icon: {fileID: 0}
  m_NavMeshLayer: 0
  m_StaticEditorFlags: 0
  m_IsActive: 1
--- !u!4 &2387142676601618814
Transform:
  m_ObjectHideFlags: 0
  m_CorrespondingSourceObject: {fileID: 0}
  m_PrefabInstance: {fileID: 0}
  m_PrefabAsset: {fileID: 0}
  m_GameObject: {fileID: 4915410568712640754}
  m_LocalRotation: {x: -0, y: -0, z: -0, w: 1}
  m_LocalPosition: {x: -0.1116848, y: 0.9922873, z: 0.37852257}
  m_LocalScale: {x: 2.5, y: 2.5, z: 2.5}
  m_Children:
  - {fileID: 6524716689102919584}
  - {fileID: 579210815354611942}
  - {fileID: 2085506615571686762}
  m_Father: {fileID: 6182232352230948004}
  m_RootOrder: 0
  m_LocalEulerAnglesHint: {x: 0, y: 0, z: 0}
--- !u!1 &4927576618087230728
GameObject:
  m_ObjectHideFlags: 0
  m_CorrespondingSourceObject: {fileID: 0}
  m_PrefabInstance: {fileID: 0}
  m_PrefabAsset: {fileID: 0}
  serializedVersion: 6
  m_Component:
  - component: {fileID: 6182232352230948004}
  - component: {fileID: 6622014879695025016}
  - component: {fileID: 8475328153410667541}
  - component: {fileID: 958193977497777641}
  m_Layer: 0
  m_Name: platform_With_AmmoBox_Empty_Rust_Fallen_ver3
  m_TagString: Untagged
  m_Icon: {fileID: 0}
  m_NavMeshLayer: 0
  m_StaticEditorFlags: 0
  m_IsActive: 1
--- !u!4 &6182232352230948004
Transform:
  m_ObjectHideFlags: 0
  m_CorrespondingSourceObject: {fileID: 0}
  m_PrefabInstance: {fileID: 0}
  m_PrefabAsset: {fileID: 0}
  m_GameObject: {fileID: 4927576618087230728}
  m_LocalRotation: {x: -0, y: -0, z: 0.7283097, w: 0.6852481}
  m_LocalPosition: {x: -57.367622, y: 0.38223788, z: -14.561444}
  m_LocalScale: {x: 0.4, y: 0.4, z: 0.4}
  m_Children:
  - {fileID: 2387142676601618814}
  - {fileID: 2084474176854134521}
  - {fileID: 3961261083410103684}
  - {fileID: 3328444446453281818}
  - {fileID: 2155088693690460399}
  - {fileID: 5382570881202792968}
  m_Father: {fileID: 0}
  m_RootOrder: 0
  m_LocalEulerAnglesHint: {x: 0, y: 0, z: 93.49}
--- !u!33 &6622014879695025016
MeshFilter:
  m_ObjectHideFlags: 0
  m_CorrespondingSourceObject: {fileID: 0}
  m_PrefabInstance: {fileID: 0}
  m_PrefabAsset: {fileID: 0}
  m_GameObject: {fileID: 4927576618087230728}
  m_Mesh: {fileID: 6651996940435722187, guid: 7dfc08ebc10cae64cbf8dac2e34da721, type: 3}
--- !u!23 &8475328153410667541
MeshRenderer:
  m_ObjectHideFlags: 0
  m_CorrespondingSourceObject: {fileID: 0}
  m_PrefabInstance: {fileID: 0}
  m_PrefabAsset: {fileID: 0}
  m_GameObject: {fileID: 4927576618087230728}
  m_Enabled: 1
  m_CastShadows: 1
  m_ReceiveShadows: 1
  m_DynamicOccludee: 1
  m_MotionVectors: 1
  m_LightProbeUsage: 1
  m_ReflectionProbeUsage: 1
  m_RayTracingMode: 2
  m_RayTraceProcedural: 0
  m_RenderingLayerMask: 1
  m_RendererPriority: 0
  m_Materials:
  - {fileID: 2100000, guid: 51cb76302bbb27a468fd0b4166902755, type: 2}
  m_StaticBatchInfo:
    firstSubMesh: 0
    subMeshCount: 0
  m_StaticBatchRoot: {fileID: 0}
  m_ProbeAnchor: {fileID: 0}
  m_LightProbeVolumeOverride: {fileID: 0}
  m_ScaleInLightmap: 1
  m_ReceiveGI: 1
  m_PreserveUVs: 0
  m_IgnoreNormalsForChartDetection: 0
  m_ImportantGI: 0
  m_StitchLightmapSeams: 1
  m_SelectedEditorRenderState: 3
  m_MinimumChartSize: 4
  m_AutoUVMaxDistance: 0.5
  m_AutoUVMaxAngle: 89
  m_LightmapParameters: {fileID: 0}
  m_SortingLayerID: 0
  m_SortingLayer: 0
  m_SortingOrder: 0
  m_AdditionalVertexStreams: {fileID: 0}
--- !u!65 &958193977497777641
BoxCollider:
  m_ObjectHideFlags: 0
  m_CorrespondingSourceObject: {fileID: 0}
  m_PrefabInstance: {fileID: 0}
  m_PrefabAsset: {fileID: 0}
  m_GameObject: {fileID: 4927576618087230728}
  m_Material: {fileID: 0}
  m_IsTrigger: 0
  m_Enabled: 1
  serializedVersion: 2
  m_Size: {x: 1.8699741, y: 0.42042556, z: 1.7195208}
  m_Center: {x: -0.00000014901161, y: -0.000000014901161, z: 0}
--- !u!1 &5388257765931759458
GameObject:
  m_ObjectHideFlags: 0
  m_CorrespondingSourceObject: {fileID: 0}
  m_PrefabInstance: {fileID: 0}
  m_PrefabAsset: {fileID: 0}
  serializedVersion: 6
  m_Component:
  - component: {fileID: 5382570881202792968}
  m_Layer: 0
  m_Name: AMMO_BOXES (5)
  m_TagString: Untagged
  m_Icon: {fileID: 0}
  m_NavMeshLayer: 0
  m_StaticEditorFlags: 0
  m_IsActive: 1
--- !u!4 &5382570881202792968
Transform:
  m_ObjectHideFlags: 0
  m_CorrespondingSourceObject: {fileID: 0}
  m_PrefabInstance: {fileID: 0}
  m_PrefabAsset: {fileID: 0}
  m_GameObject: {fileID: 5388257765931759458}
  m_LocalRotation: {x: -0, y: 1, z: -0, w: 0.0000028461216}
  m_LocalPosition: {x: -0.062503815, y: 2.5372872, z: -0.3599155}
  m_LocalScale: {x: 2.5, y: 2.5, z: 2.5}
  m_Children:
  - {fileID: 1499321470681125026}
  - {fileID: 4785190703401383990}
  - {fileID: 2312928986667271162}
  - {fileID: 822155877319080266}
  - {fileID: 5459392217430577833}
  - {fileID: 432424352341020792}
  m_Father: {fileID: 6182232352230948004}
  m_RootOrder: 5
  m_LocalEulerAnglesHint: {x: 0, y: 180, z: 0}
--- !u!1 &6576924338502862487
GameObject:
  m_ObjectHideFlags: 0
  m_CorrespondingSourceObject: {fileID: 0}
  m_PrefabInstance: {fileID: 0}
  m_PrefabAsset: {fileID: 0}
  serializedVersion: 6
  m_Component:
  - component: {fileID: 2084474176854134521}
  m_Layer: 0
  m_Name: AMMO_BOXES (1)
  m_TagString: Untagged
  m_Icon: {fileID: 0}
  m_NavMeshLayer: 0
  m_StaticEditorFlags: 0
  m_IsActive: 1
--- !u!4 &2084474176854134521
Transform:
  m_ObjectHideFlags: 0
  m_CorrespondingSourceObject: {fileID: 0}
  m_PrefabInstance: {fileID: 0}
  m_PrefabAsset: {fileID: 0}
  m_GameObject: {fileID: 6576924338502862487}
  m_LocalRotation: {x: -0, y: -1, z: -0, w: 0.0000029504295}
  m_LocalPosition: {x: -0.062503815, y: 1.2922872, z: -0.34647763}
  m_LocalScale: {x: 2.5, y: 2.5, z: 2.5}
  m_Children:
  - {fileID: 423141864324828447}
  - {fileID: 6452774121512931016}
  - {fileID: 325837062574998154}
  - {fileID: 1658299480781788133}
  m_Father: {fileID: 6182232352230948004}
  m_RootOrder: 1
  m_LocalEulerAnglesHint: {x: 0, y: -180, z: 0}
--- !u!1 &8525686023796456756
GameObject:
  m_ObjectHideFlags: 0
  m_CorrespondingSourceObject: {fileID: 0}
  m_PrefabInstance: {fileID: 0}
  m_PrefabAsset: {fileID: 0}
  serializedVersion: 6
  m_Component:
  - component: {fileID: 3961261083410103684}
  m_Layer: 0
  m_Name: AMMO_BOXES (2)
  m_TagString: Untagged
  m_Icon: {fileID: 0}
  m_NavMeshLayer: 0
  m_StaticEditorFlags: 0
  m_IsActive: 1
--- !u!4 &3961261083410103684
Transform:
  m_ObjectHideFlags: 0
  m_CorrespondingSourceObject: {fileID: 0}
  m_PrefabInstance: {fileID: 0}
  m_PrefabAsset: {fileID: 0}
  m_GameObject: {fileID: 8525686023796456756}
  m_LocalRotation: {x: -0, y: 0.000000014901161, z: -0, w: 1}
  m_LocalPosition: {x: -0.11165619, y: 1.6022873, z: 0.39196402}
  m_LocalScale: {x: 2.5, y: 2.5, z: 2.5}
  m_Children:
  - {fileID: 4588958732594567525}
  - {fileID: 842907534872852323}
  - {fileID: 2032163674071719033}
  - {fileID: 1927847733777692331}
  m_Father: {fileID: 6182232352230948004}
  m_RootOrder: 2
  m_LocalEulerAnglesHint: {x: 0, y: 0, z: 0}
--- !u!1001 &733097735433334693
PrefabInstance:
  m_ObjectHideFlags: 0
  serializedVersion: 2
  m_Modification:
    m_TransformParent: {fileID: 3328444446453281818}
    m_Modifications:
    - target: {fileID: 6987949269262555486, guid: 0196ce213f5b86c4cb76d46e38ddfbf7, type: 3}
      propertyPath: m_LocalPosition.x
      value: 0.23867035
      objectReference: {fileID: 0}
    - target: {fileID: 6987949269262555486, guid: 0196ce213f5b86c4cb76d46e38ddfbf7, type: 3}
      propertyPath: m_LocalPosition.y
      value: -0.30958405
      objectReference: {fileID: 0}
    - target: {fileID: 6987949269262555486, guid: 0196ce213f5b86c4cb76d46e38ddfbf7, type: 3}
      propertyPath: m_LocalPosition.z
      value: 0.08338952
      objectReference: {fileID: 0}
    - target: {fileID: 6987949269262555486, guid: 0196ce213f5b86c4cb76d46e38ddfbf7, type: 3}
      propertyPath: m_LocalRotation.x
      value: -0
      objectReference: {fileID: 0}
    - target: {fileID: 6987949269262555486, guid: 0196ce213f5b86c4cb76d46e38ddfbf7, type: 3}
      propertyPath: m_LocalRotation.y
      value: 0.7071058
      objectReference: {fileID: 0}
    - target: {fileID: 6987949269262555486, guid: 0196ce213f5b86c4cb76d46e38ddfbf7, type: 3}
      propertyPath: m_LocalRotation.z
      value: -0
      objectReference: {fileID: 0}
    - target: {fileID: 6987949269262555486, guid: 0196ce213f5b86c4cb76d46e38ddfbf7, type: 3}
      propertyPath: m_LocalRotation.w
      value: 0.7071078
      objectReference: {fileID: 0}
    - target: {fileID: 6987949269262555486, guid: 0196ce213f5b86c4cb76d46e38ddfbf7, type: 3}
      propertyPath: m_RootOrder
      value: 0
      objectReference: {fileID: 0}
    - target: {fileID: 6987949269262555486, guid: 0196ce213f5b86c4cb76d46e38ddfbf7, type: 3}
      propertyPath: m_LocalEulerAnglesHint.x
      value: 0
      objectReference: {fileID: 0}
    - target: {fileID: 6987949269262555486, guid: 0196ce213f5b86c4cb76d46e38ddfbf7, type: 3}
      propertyPath: m_LocalEulerAnglesHint.y
      value: 90
      objectReference: {fileID: 0}
    - target: {fileID: 6987949269262555486, guid: 0196ce213f5b86c4cb76d46e38ddfbf7, type: 3}
      propertyPath: m_LocalEulerAnglesHint.z
      value: 0
      objectReference: {fileID: 0}
    - target: {fileID: 7760263435902256100, guid: 0196ce213f5b86c4cb76d46e38ddfbf7, type: 3}
      propertyPath: m_Name
      value: ammoBoxDirtyClose (7)
      objectReference: {fileID: 0}
    m_RemovedComponents: []
  m_SourcePrefab: {fileID: 100100000, guid: 0196ce213f5b86c4cb76d46e38ddfbf7, type: 3}
--- !u!4 &7698431149688616699 stripped
Transform:
  m_CorrespondingSourceObject: {fileID: 6987949269262555486, guid: 0196ce213f5b86c4cb76d46e38ddfbf7, type: 3}
  m_PrefabInstance: {fileID: 733097735433334693}
  m_PrefabAsset: {fileID: 0}
--- !u!1001 &2491131889803714920
PrefabInstance:
  m_ObjectHideFlags: 0
  serializedVersion: 2
  m_Modification:
    m_TransformParent: {fileID: 5382570881202792968}
    m_Modifications:
    - target: {fileID: 6987949269262555486, guid: 0196ce213f5b86c4cb76d46e38ddfbf7, type: 3}
      propertyPath: m_LocalPosition.x
      value: 0.23855095
      objectReference: {fileID: 0}
    - target: {fileID: 6987949269262555486, guid: 0196ce213f5b86c4cb76d46e38ddfbf7, type: 3}
      propertyPath: m_LocalPosition.y
      value: -0.3076272
      objectReference: {fileID: 0}
    - target: {fileID: 6987949269262555486, guid: 0196ce213f5b86c4cb76d46e38ddfbf7, type: 3}
      propertyPath: m_LocalPosition.z
      value: 0.09951999
      objectReference: {fileID: 0}
    - target: {fileID: 6987949269262555486, guid: 0196ce213f5b86c4cb76d46e38ddfbf7, type: 3}
      propertyPath: m_LocalRotation.x
      value: -0.0921253
      objectReference: {fileID: 0}
    - target: {fileID: 6987949269262555486, guid: 0196ce213f5b86c4cb76d46e38ddfbf7, type: 3}
      propertyPath: m_LocalRotation.y
      value: 0.69543844
      objectReference: {fileID: 0}
    - target: {fileID: 6987949269262555486, guid: 0196ce213f5b86c4cb76d46e38ddfbf7, type: 3}
      propertyPath: m_LocalRotation.z
      value: -0.09212397
      objectReference: {fileID: 0}
    - target: {fileID: 6987949269262555486, guid: 0196ce213f5b86c4cb76d46e38ddfbf7, type: 3}
      propertyPath: m_LocalRotation.w
      value: 0.7066764
      objectReference: {fileID: 0}
    - target: {fileID: 6987949269262555486, guid: 0196ce213f5b86c4cb76d46e38ddfbf7, type: 3}
      propertyPath: m_RootOrder
      value: 1
      objectReference: {fileID: 0}
    - target: {fileID: 6987949269262555486, guid: 0196ce213f5b86c4cb76d46e38ddfbf7, type: 3}
      propertyPath: m_LocalEulerAnglesHint.x
      value: -0.119
      objectReference: {fileID: 0}
    - target: {fileID: 6987949269262555486, guid: 0196ce213f5b86c4cb76d46e38ddfbf7, type: 3}
      propertyPath: m_LocalEulerAnglesHint.y
      value: 89.097
      objectReference: {fileID: 0}
    - target: {fileID: 6987949269262555486, guid: 0196ce213f5b86c4cb76d46e38ddfbf7, type: 3}
      propertyPath: m_LocalEulerAnglesHint.z
      value: -14.972
      objectReference: {fileID: 0}
    - target: {fileID: 7760263435902256100, guid: 0196ce213f5b86c4cb76d46e38ddfbf7, type: 3}
      propertyPath: m_Name
      value: ammoBoxDirtyClose (7)
      objectReference: {fileID: 0}
    m_RemovedComponents: []
  m_SourcePrefab: {fileID: 100100000, guid: 0196ce213f5b86c4cb76d46e38ddfbf7, type: 3}
--- !u!4 &4785190703401383990 stripped
Transform:
  m_CorrespondingSourceObject: {fileID: 6987949269262555486, guid: 0196ce213f5b86c4cb76d46e38ddfbf7, type: 3}
  m_PrefabInstance: {fileID: 2491131889803714920}
  m_PrefabAsset: {fileID: 0}
--- !u!1001 &3114668629923400695
PrefabInstance:
  m_ObjectHideFlags: 0
  serializedVersion: 2
  m_Modification:
    m_TransformParent: {fileID: 5382570881202792968}
    m_Modifications:
    - target: {fileID: 6987949269262555486, guid: 0196ce213f5b86c4cb76d46e38ddfbf7, type: 3}
      propertyPath: m_LocalPosition.x
      value: 0.251
      objectReference: {fileID: 0}
    - target: {fileID: 6987949269262555486, guid: 0196ce213f5b86c4cb76d46e38ddfbf7, type: 3}
      propertyPath: m_LocalPosition.y
      value: -0.144
      objectReference: {fileID: 0}
    - target: {fileID: 6987949269262555486, guid: 0196ce213f5b86c4cb76d46e38ddfbf7, type: 3}
      propertyPath: m_LocalPosition.z
      value: -0.482
      objectReference: {fileID: 0}
    - target: {fileID: 6987949269262555486, guid: 0196ce213f5b86c4cb76d46e38ddfbf7, type: 3}
      propertyPath: m_LocalRotation.x
      value: -0.27009773
      objectReference: {fileID: 0}
    - target: {fileID: 6987949269262555486, guid: 0196ce213f5b86c4cb76d46e38ddfbf7, type: 3}
      propertyPath: m_LocalRotation.y
      value: 0.63680965
      objectReference: {fileID: 0}
    - target: {fileID: 6987949269262555486, guid: 0196ce213f5b86c4cb76d46e38ddfbf7, type: 3}
      propertyPath: m_LocalRotation.z
      value: -0.27009374
      objectReference: {fileID: 0}
    - target: {fileID: 6987949269262555486, guid: 0196ce213f5b86c4cb76d46e38ddfbf7, type: 3}
      propertyPath: m_LocalRotation.w
      value: 0.66975373
      objectReference: {fileID: 0}
    - target: {fileID: 6987949269262555486, guid: 0196ce213f5b86c4cb76d46e38ddfbf7, type: 3}
      propertyPath: m_RootOrder
      value: 4
      objectReference: {fileID: 0}
    - target: {fileID: 6987949269262555486, guid: 0196ce213f5b86c4cb76d46e38ddfbf7, type: 3}
      propertyPath: m_LocalEulerAnglesHint.x
      value: -1.02
      objectReference: {fileID: 0}
    - target: {fileID: 6987949269262555486, guid: 0196ce213f5b86c4cb76d46e38ddfbf7, type: 3}
      propertyPath: m_LocalEulerAnglesHint.y
      value: 87.533
      objectReference: {fileID: 0}
    - target: {fileID: 6987949269262555486, guid: 0196ce213f5b86c4cb76d46e38ddfbf7, type: 3}
      propertyPath: m_LocalEulerAnglesHint.z
      value: -44.903
      objectReference: {fileID: 0}
    - target: {fileID: 6987949269262555486, guid: 0196ce213f5b86c4cb76d46e38ddfbf7, type: 3}
      propertyPath: m_LocalScale.x
      value: 0.14999999
      objectReference: {fileID: 0}
    - target: {fileID: 6987949269262555486, guid: 0196ce213f5b86c4cb76d46e38ddfbf7, type: 3}
      propertyPath: m_LocalScale.z
      value: 0.14999999
      objectReference: {fileID: 0}
    - target: {fileID: 7760263435902256100, guid: 0196ce213f5b86c4cb76d46e38ddfbf7, type: 3}
      propertyPath: m_Name
      value: ammoBoxDirtyClose (10)
      objectReference: {fileID: 0}
    m_RemovedComponents: []
  m_SourcePrefab: {fileID: 100100000, guid: 0196ce213f5b86c4cb76d46e38ddfbf7, type: 3}
--- !u!4 &5459392217430577833 stripped
Transform:
  m_CorrespondingSourceObject: {fileID: 6987949269262555486, guid: 0196ce213f5b86c4cb76d46e38ddfbf7, type: 3}
  m_PrefabInstance: {fileID: 3114668629923400695}
  m_PrefabAsset: {fileID: 0}
--- !u!1001 &4140766520735487894
PrefabInstance:
  m_ObjectHideFlags: 0
  serializedVersion: 2
  m_Modification:
    m_TransformParent: {fileID: 2084474176854134521}
    m_Modifications:
    - target: {fileID: 6987949269262555486, guid: 0196ce213f5b86c4cb76d46e38ddfbf7, type: 3}
      propertyPath: m_LocalPosition.x
      value: 0.249
      objectReference: {fileID: 0}
    - target: {fileID: 6987949269262555486, guid: 0196ce213f5b86c4cb76d46e38ddfbf7, type: 3}
      propertyPath: m_LocalPosition.y
      value: -0.309
      objectReference: {fileID: 0}
    - target: {fileID: 6987949269262555486, guid: 0196ce213f5b86c4cb76d46e38ddfbf7, type: 3}
      propertyPath: m_LocalPosition.z
      value: 0.293
      objectReference: {fileID: 0}
    - target: {fileID: 6987949269262555486, guid: 0196ce213f5b86c4cb76d46e38ddfbf7, type: 3}
      propertyPath: m_LocalRotation.x
      value: -0
      objectReference: {fileID: 0}
    - target: {fileID: 6987949269262555486, guid: 0196ce213f5b86c4cb76d46e38ddfbf7, type: 3}
      propertyPath: m_LocalRotation.y
      value: 0.7071058
      objectReference: {fileID: 0}
    - target: {fileID: 6987949269262555486, guid: 0196ce213f5b86c4cb76d46e38ddfbf7, type: 3}
      propertyPath: m_LocalRotation.z
      value: -0
      objectReference: {fileID: 0}
    - target: {fileID: 6987949269262555486, guid: 0196ce213f5b86c4cb76d46e38ddfbf7, type: 3}
      propertyPath: m_LocalRotation.w
      value: 0.7071078
      objectReference: {fileID: 0}
    - target: {fileID: 6987949269262555486, guid: 0196ce213f5b86c4cb76d46e38ddfbf7, type: 3}
      propertyPath: m_RootOrder
      value: 1
      objectReference: {fileID: 0}
    - target: {fileID: 6987949269262555486, guid: 0196ce213f5b86c4cb76d46e38ddfbf7, type: 3}
      propertyPath: m_LocalEulerAnglesHint.x
      value: 0
      objectReference: {fileID: 0}
    - target: {fileID: 6987949269262555486, guid: 0196ce213f5b86c4cb76d46e38ddfbf7, type: 3}
      propertyPath: m_LocalEulerAnglesHint.y
      value: 90
      objectReference: {fileID: 0}
    - target: {fileID: 6987949269262555486, guid: 0196ce213f5b86c4cb76d46e38ddfbf7, type: 3}
      propertyPath: m_LocalEulerAnglesHint.z
      value: 0
      objectReference: {fileID: 0}
    - target: {fileID: 7760263435902256100, guid: 0196ce213f5b86c4cb76d46e38ddfbf7, type: 3}
      propertyPath: m_Name
      value: ammoBoxDirtyClose (7)
      objectReference: {fileID: 0}
    m_RemovedComponents: []
  m_SourcePrefab: {fileID: 100100000, guid: 0196ce213f5b86c4cb76d46e38ddfbf7, type: 3}
--- !u!4 &6452774121512931016 stripped
Transform:
  m_CorrespondingSourceObject: {fileID: 6987949269262555486, guid: 0196ce213f5b86c4cb76d46e38ddfbf7, type: 3}
  m_PrefabInstance: {fileID: 4140766520735487894}
  m_PrefabAsset: {fileID: 0}
--- !u!1001 &4165995657721724194
PrefabInstance:
  m_ObjectHideFlags: 0
  serializedVersion: 2
  m_Modification:
    m_TransformParent: {fileID: 2155088693690460399}
    m_Modifications:
    - target: {fileID: 6987949269262555486, guid: 0196ce213f5b86c4cb76d46e38ddfbf7, type: 3}
      propertyPath: m_LocalPosition.x
      value: -0.219
      objectReference: {fileID: 0}
    - target: {fileID: 6987949269262555486, guid: 0196ce213f5b86c4cb76d46e38ddfbf7, type: 3}
      propertyPath: m_LocalPosition.y
      value: -0.30958405
      objectReference: {fileID: 0}
    - target: {fileID: 6987949269262555486, guid: 0196ce213f5b86c4cb76d46e38ddfbf7, type: 3}
      propertyPath: m_LocalPosition.z
      value: 0.08462417
      objectReference: {fileID: 0}
    - target: {fileID: 6987949269262555486, guid: 0196ce213f5b86c4cb76d46e38ddfbf7, type: 3}
      propertyPath: m_LocalRotation.x
      value: -0
      objectReference: {fileID: 0}
    - target: {fileID: 6987949269262555486, guid: 0196ce213f5b86c4cb76d46e38ddfbf7, type: 3}
      propertyPath: m_LocalRotation.y
      value: -0.70710576
      objectReference: {fileID: 0}
    - target: {fileID: 6987949269262555486, guid: 0196ce213f5b86c4cb76d46e38ddfbf7, type: 3}
      propertyPath: m_LocalRotation.z
      value: -0
      objectReference: {fileID: 0}
    - target: {fileID: 6987949269262555486, guid: 0196ce213f5b86c4cb76d46e38ddfbf7, type: 3}
      propertyPath: m_LocalRotation.w
      value: 0.70710784
      objectReference: {fileID: 0}
    - target: {fileID: 6987949269262555486, guid: 0196ce213f5b86c4cb76d46e38ddfbf7, type: 3}
      propertyPath: m_RootOrder
      value: 0
      objectReference: {fileID: 0}
    - target: {fileID: 6987949269262555486, guid: 0196ce213f5b86c4cb76d46e38ddfbf7, type: 3}
      propertyPath: m_LocalEulerAnglesHint.x
      value: 0
      objectReference: {fileID: 0}
    - target: {fileID: 6987949269262555486, guid: 0196ce213f5b86c4cb76d46e38ddfbf7, type: 3}
      propertyPath: m_LocalEulerAnglesHint.y
      value: -90
      objectReference: {fileID: 0}
    - target: {fileID: 6987949269262555486, guid: 0196ce213f5b86c4cb76d46e38ddfbf7, type: 3}
      propertyPath: m_LocalEulerAnglesHint.z
      value: 0
      objectReference: {fileID: 0}
    - target: {fileID: 7760263435902256100, guid: 0196ce213f5b86c4cb76d46e38ddfbf7, type: 3}
      propertyPath: m_Name
      value: ammoBoxDirtyClose (9)
      objectReference: {fileID: 0}
    m_RemovedComponents: []
  m_SourcePrefab: {fileID: 100100000, guid: 0196ce213f5b86c4cb76d46e38ddfbf7, type: 3}
--- !u!4 &6425150319068111996 stripped
Transform:
  m_CorrespondingSourceObject: {fileID: 6987949269262555486, guid: 0196ce213f5b86c4cb76d46e38ddfbf7, type: 3}
  m_PrefabInstance: {fileID: 4165995657721724194}
  m_PrefabAsset: {fileID: 0}
--- !u!1001 &4212657392977088254
PrefabInstance:
  m_ObjectHideFlags: 0
  serializedVersion: 2
  m_Modification:
    m_TransformParent: {fileID: 2387142676601618814}
    m_Modifications:
    - target: {fileID: 6987949269262555486, guid: 0196ce213f5b86c4cb76d46e38ddfbf7, type: 3}
      propertyPath: m_LocalPosition.x
      value: -0.214
      objectReference: {fileID: 0}
    - target: {fileID: 6987949269262555486, guid: 0196ce213f5b86c4cb76d46e38ddfbf7, type: 3}
      propertyPath: m_LocalPosition.y
      value: -0.226
      objectReference: {fileID: 0}
    - target: {fileID: 6987949269262555486, guid: 0196ce213f5b86c4cb76d46e38ddfbf7, type: 3}
      propertyPath: m_LocalPosition.z
      value: -0.196
      objectReference: {fileID: 0}
    - target: {fileID: 6987949269262555486, guid: 0196ce213f5b86c4cb76d46e38ddfbf7, type: 3}
      propertyPath: m_LocalRotation.x
      value: -0
      objectReference: {fileID: 0}
    - target: {fileID: 6987949269262555486, guid: 0196ce213f5b86c4cb76d46e38ddfbf7, type: 3}
      propertyPath: m_LocalRotation.y
      value: 0.7071058
      objectReference: {fileID: 0}
    - target: {fileID: 6987949269262555486, guid: 0196ce213f5b86c4cb76d46e38ddfbf7, type: 3}
      propertyPath: m_LocalRotation.z
      value: -0
      objectReference: {fileID: 0}
    - target: {fileID: 6987949269262555486, guid: 0196ce213f5b86c4cb76d46e38ddfbf7, type: 3}
      propertyPath: m_LocalRotation.w
      value: 0.7071078
      objectReference: {fileID: 0}
    - target: {fileID: 6987949269262555486, guid: 0196ce213f5b86c4cb76d46e38ddfbf7, type: 3}
      propertyPath: m_RootOrder
      value: 0
      objectReference: {fileID: 0}
    - target: {fileID: 6987949269262555486, guid: 0196ce213f5b86c4cb76d46e38ddfbf7, type: 3}
      propertyPath: m_LocalEulerAnglesHint.x
      value: 0
      objectReference: {fileID: 0}
    - target: {fileID: 6987949269262555486, guid: 0196ce213f5b86c4cb76d46e38ddfbf7, type: 3}
      propertyPath: m_LocalEulerAnglesHint.y
      value: 90
      objectReference: {fileID: 0}
    - target: {fileID: 6987949269262555486, guid: 0196ce213f5b86c4cb76d46e38ddfbf7, type: 3}
      propertyPath: m_LocalEulerAnglesHint.z
      value: 0
      objectReference: {fileID: 0}
    - target: {fileID: 7760263435902256100, guid: 0196ce213f5b86c4cb76d46e38ddfbf7, type: 3}
      propertyPath: m_Name
      value: ammoBoxDirtyClose (8)
      objectReference: {fileID: 0}
    m_RemovedComponents: []
  m_SourcePrefab: {fileID: 100100000, guid: 0196ce213f5b86c4cb76d46e38ddfbf7, type: 3}
--- !u!4 &6524716689102919584 stripped
Transform:
  m_CorrespondingSourceObject: {fileID: 6987949269262555486, guid: 0196ce213f5b86c4cb76d46e38ddfbf7, type: 3}
  m_PrefabInstance: {fileID: 4212657392977088254}
  m_PrefabAsset: {fileID: 0}
--- !u!1001 &4675583581011679908
PrefabInstance:
  m_ObjectHideFlags: 0
  serializedVersion: 2
  m_Modification:
    m_TransformParent: {fileID: 5382570881202792968}
    m_Modifications:
    - target: {fileID: 6987949269262555486, guid: 0196ce213f5b86c4cb76d46e38ddfbf7, type: 3}
      propertyPath: m_LocalPosition.x
      value: 0.23855479
      objectReference: {fileID: 0}
    - target: {fileID: 6987949269262555486, guid: 0196ce213f5b86c4cb76d46e38ddfbf7, type: 3}
      propertyPath: m_LocalPosition.y
      value: -0.30762693
      objectReference: {fileID: 0}
    - target: {fileID: 6987949269262555486, guid: 0196ce213f5b86c4cb76d46e38ddfbf7, type: 3}
      propertyPath: m_LocalPosition.z
      value: -0.15589689
      objectReference: {fileID: 0}
    - target: {fileID: 6987949269262555486, guid: 0196ce213f5b86c4cb76d46e38ddfbf7, type: 3}
      propertyPath: m_LocalRotation.x
      value: 0.0921243
      objectReference: {fileID: 0}
    - target: {fileID: 6987949269262555486, guid: 0196ce213f5b86c4cb76d46e38ddfbf7, type: 3}
      propertyPath: m_LocalRotation.y
      value: -0.6954383
      objectReference: {fileID: 0}
    - target: {fileID: 6987949269262555486, guid: 0196ce213f5b86c4cb76d46e38ddfbf7, type: 3}
      propertyPath: m_LocalRotation.z
      value: -0.09212497
      objectReference: {fileID: 0}
    - target: {fileID: 6987949269262555486, guid: 0196ce213f5b86c4cb76d46e38ddfbf7, type: 3}
      propertyPath: m_LocalRotation.w
      value: 0.7066765
      objectReference: {fileID: 0}
    - target: {fileID: 6987949269262555486, guid: 0196ce213f5b86c4cb76d46e38ddfbf7, type: 3}
      propertyPath: m_RootOrder
      value: 2
      objectReference: {fileID: 0}
    - target: {fileID: 6987949269262555486, guid: 0196ce213f5b86c4cb76d46e38ddfbf7, type: 3}
      propertyPath: m_LocalEulerAnglesHint.x
      value: 0.119
      objectReference: {fileID: 0}
    - target: {fileID: 6987949269262555486, guid: 0196ce213f5b86c4cb76d46e38ddfbf7, type: 3}
      propertyPath: m_LocalEulerAnglesHint.y
      value: -89.097
      objectReference: {fileID: 0}
    - target: {fileID: 6987949269262555486, guid: 0196ce213f5b86c4cb76d46e38ddfbf7, type: 3}
      propertyPath: m_LocalEulerAnglesHint.z
      value: -14.972
      objectReference: {fileID: 0}
    - target: {fileID: 7760263435902256100, guid: 0196ce213f5b86c4cb76d46e38ddfbf7, type: 3}
      propertyPath: m_Name
      value: ammoBoxDirtyClose (6)
      objectReference: {fileID: 0}
    m_RemovedComponents: []
  m_SourcePrefab: {fileID: 100100000, guid: 0196ce213f5b86c4cb76d46e38ddfbf7, type: 3}
--- !u!4 &2312928986667271162 stripped
Transform:
  m_CorrespondingSourceObject: {fileID: 6987949269262555486, guid: 0196ce213f5b86c4cb76d46e38ddfbf7, type: 3}
  m_PrefabInstance: {fileID: 4675583581011679908}
  m_PrefabAsset: {fileID: 0}
--- !u!1001 &6869519338951508027
PrefabInstance:
  m_ObjectHideFlags: 0
  serializedVersion: 2
  m_Modification:
    m_TransformParent: {fileID: 3961261083410103684}
    m_Modifications:
    - target: {fileID: 6987949269262555486, guid: 0196ce213f5b86c4cb76d46e38ddfbf7, type: 3}
      propertyPath: m_LocalPosition.x
      value: -0.213
      objectReference: {fileID: 0}
    - target: {fileID: 6987949269262555486, guid: 0196ce213f5b86c4cb76d46e38ddfbf7, type: 3}
      propertyPath: m_LocalPosition.y
      value: -0.209
      objectReference: {fileID: 0}
    - target: {fileID: 6987949269262555486, guid: 0196ce213f5b86c4cb76d46e38ddfbf7, type: 3}
      propertyPath: m_LocalPosition.z
      value: -0.14
      objectReference: {fileID: 0}
    - target: {fileID: 6987949269262555486, guid: 0196ce213f5b86c4cb76d46e38ddfbf7, type: 3}
      propertyPath: m_LocalRotation.x
      value: -0
      objectReference: {fileID: 0}
    - target: {fileID: 6987949269262555486, guid: 0196ce213f5b86c4cb76d46e38ddfbf7, type: 3}
      propertyPath: m_LocalRotation.y
      value: 0.7071058
      objectReference: {fileID: 0}
    - target: {fileID: 6987949269262555486, guid: 0196ce213f5b86c4cb76d46e38ddfbf7, type: 3}
      propertyPath: m_LocalRotation.z
      value: -0
      objectReference: {fileID: 0}
    - target: {fileID: 6987949269262555486, guid: 0196ce213f5b86c4cb76d46e38ddfbf7, type: 3}
      propertyPath: m_LocalRotation.w
      value: 0.7071078
      objectReference: {fileID: 0}
    - target: {fileID: 6987949269262555486, guid: 0196ce213f5b86c4cb76d46e38ddfbf7, type: 3}
      propertyPath: m_RootOrder
      value: 0
      objectReference: {fileID: 0}
    - target: {fileID: 6987949269262555486, guid: 0196ce213f5b86c4cb76d46e38ddfbf7, type: 3}
      propertyPath: m_LocalEulerAnglesHint.x
      value: 0
      objectReference: {fileID: 0}
    - target: {fileID: 6987949269262555486, guid: 0196ce213f5b86c4cb76d46e38ddfbf7, type: 3}
      propertyPath: m_LocalEulerAnglesHint.y
      value: 90
      objectReference: {fileID: 0}
    - target: {fileID: 6987949269262555486, guid: 0196ce213f5b86c4cb76d46e38ddfbf7, type: 3}
      propertyPath: m_LocalEulerAnglesHint.z
      value: 0
      objectReference: {fileID: 0}
    - target: {fileID: 7760263435902256100, guid: 0196ce213f5b86c4cb76d46e38ddfbf7, type: 3}
      propertyPath: m_Name
      value: ammoBoxDirtyClose (8)
      objectReference: {fileID: 0}
    m_RemovedComponents: []
  m_SourcePrefab: {fileID: 100100000, guid: 0196ce213f5b86c4cb76d46e38ddfbf7, type: 3}
--- !u!4 &4588958732594567525 stripped
Transform:
  m_CorrespondingSourceObject: {fileID: 6987949269262555486, guid: 0196ce213f5b86c4cb76d46e38ddfbf7, type: 3}
  m_PrefabInstance: {fileID: 6869519338951508027}
  m_PrefabAsset: {fileID: 0}
--- !u!1001 &7241706575757892564
PrefabInstance:
  m_ObjectHideFlags: 0
  serializedVersion: 2
  m_Modification:
    m_TransformParent: {fileID: 2084474176854134521}
    m_Modifications:
    - target: {fileID: 6987949269262555486, guid: 0196ce213f5b86c4cb76d46e38ddfbf7, type: 3}
      propertyPath: m_LocalPosition.x
      value: 0.2653111
      objectReference: {fileID: 0}
    - target: {fileID: 6987949269262555486, guid: 0196ce213f5b86c4cb76d46e38ddfbf7, type: 3}
      propertyPath: m_LocalPosition.y
      value: -0.008306647
      objectReference: {fileID: 0}
    - target: {fileID: 6987949269262555486, guid: 0196ce213f5b86c4cb76d46e38ddfbf7, type: 3}
      propertyPath: m_LocalPosition.z
      value: -0.6436135
      objectReference: {fileID: 0}
    - target: {fileID: 6987949269262555486, guid: 0196ce213f5b86c4cb76d46e38ddfbf7, type: 3}
      propertyPath: m_LocalRotation.x
      value: -0.42965847
      objectReference: {fileID: 0}
    - target: {fileID: 6987949269262555486, guid: 0196ce213f5b86c4cb76d46e38ddfbf7, type: 3}
      propertyPath: m_LocalRotation.y
      value: 0.5347832
      objectReference: {fileID: 0}
    - target: {fileID: 6987949269262555486, guid: 0196ce213f5b86c4cb76d46e38ddfbf7, type: 3}
      propertyPath: m_LocalRotation.z
      value: -0.42966238
      objectReference: {fileID: 0}
    - target: {fileID: 6987949269262555486, guid: 0196ce213f5b86c4cb76d46e38ddfbf7, type: 3}
      propertyPath: m_LocalRotation.w
      value: 0.58718896
      objectReference: {fileID: 0}
    - target: {fileID: 6987949269262555486, guid: 0196ce213f5b86c4cb76d46e38ddfbf7, type: 3}
      propertyPath: m_RootOrder
      value: 2
      objectReference: {fileID: 0}
    - target: {fileID: 6987949269262555486, guid: 0196ce213f5b86c4cb76d46e38ddfbf7, type: 3}
      propertyPath: m_LocalEulerAnglesHint.x
      value: -2.581
      objectReference: {fileID: 0}
    - target: {fileID: 6987949269262555486, guid: 0196ce213f5b86c4cb76d46e38ddfbf7, type: 3}
      propertyPath: m_LocalEulerAnglesHint.y
      value: 86.626
      objectReference: {fileID: 0}
    - target: {fileID: 6987949269262555486, guid: 0196ce213f5b86c4cb76d46e38ddfbf7, type: 3}
      propertyPath: m_LocalEulerAnglesHint.z
      value: -74.821
      objectReference: {fileID: 0}
    - target: {fileID: 7760263435902256100, guid: 0196ce213f5b86c4cb76d46e38ddfbf7, type: 3}
      propertyPath: m_Name
      value: ammoBoxDirtyClose (12)
      objectReference: {fileID: 0}
    m_RemovedComponents: []
  m_SourcePrefab: {fileID: 100100000, guid: 0196ce213f5b86c4cb76d46e38ddfbf7, type: 3}
--- !u!4 &325837062574998154 stripped
Transform:
  m_CorrespondingSourceObject: {fileID: 6987949269262555486, guid: 0196ce213f5b86c4cb76d46e38ddfbf7, type: 3}
  m_PrefabInstance: {fileID: 7241706575757892564}
  m_PrefabAsset: {fileID: 0}
--- !u!1001 &7288341104615085121
PrefabInstance:
  m_ObjectHideFlags: 0
  serializedVersion: 2
  m_Modification:
    m_TransformParent: {fileID: 2084474176854134521}
    m_Modifications:
    - target: {fileID: 6987949269262555486, guid: 0196ce213f5b86c4cb76d46e38ddfbf7, type: 3}
      propertyPath: m_LocalPosition.x
      value: 0.277
      objectReference: {fileID: 0}
    - target: {fileID: 6987949269262555486, guid: 0196ce213f5b86c4cb76d46e38ddfbf7, type: 3}
      propertyPath: m_LocalPosition.y
      value: -0.062
      objectReference: {fileID: 0}
    - target: {fileID: 6987949269262555486, guid: 0196ce213f5b86c4cb76d46e38ddfbf7, type: 3}
      propertyPath: m_LocalPosition.z
      value: 0.404
      objectReference: {fileID: 0}
    - target: {fileID: 6987949269262555486, guid: 0196ce213f5b86c4cb76d46e38ddfbf7, type: 3}
      propertyPath: m_LocalRotation.x
      value: -0.2700929
      objectReference: {fileID: 0}
    - target: {fileID: 6987949269262555486, guid: 0196ce213f5b86c4cb76d46e38ddfbf7, type: 3}
      propertyPath: m_LocalRotation.y
      value: -0.66975576
      objectReference: {fileID: 0}
    - target: {fileID: 6987949269262555486, guid: 0196ce213f5b86c4cb76d46e38ddfbf7, type: 3}
      propertyPath: m_LocalRotation.z
      value: -0.27009863
      objectReference: {fileID: 0}
    - target: {fileID: 6987949269262555486, guid: 0196ce213f5b86c4cb76d46e38ddfbf7, type: 3}
      propertyPath: m_LocalRotation.w
      value: -0.63680756
      objectReference: {fileID: 0}
    - target: {fileID: 6987949269262555486, guid: 0196ce213f5b86c4cb76d46e38ddfbf7, type: 3}
      propertyPath: m_RootOrder
      value: 0
      objectReference: {fileID: 0}
    - target: {fileID: 6987949269262555486, guid: 0196ce213f5b86c4cb76d46e38ddfbf7, type: 3}
      propertyPath: m_LocalEulerAnglesHint.x
      value: -1.02
      objectReference: {fileID: 0}
    - target: {fileID: 6987949269262555486, guid: 0196ce213f5b86c4cb76d46e38ddfbf7, type: 3}
      propertyPath: m_LocalEulerAnglesHint.y
      value: -267.53198
      objectReference: {fileID: 0}
    - target: {fileID: 6987949269262555486, guid: 0196ce213f5b86c4cb76d46e38ddfbf7, type: 3}
      propertyPath: m_LocalEulerAnglesHint.z
      value: 44.903
      objectReference: {fileID: 0}
    - target: {fileID: 7760263435902256100, guid: 0196ce213f5b86c4cb76d46e38ddfbf7, type: 3}
      propertyPath: m_Name
      value: ammoBoxDirtyClose (2)
      objectReference: {fileID: 0}
    m_RemovedComponents: []
  m_SourcePrefab: {fileID: 100100000, guid: 0196ce213f5b86c4cb76d46e38ddfbf7, type: 3}
--- !u!4 &423141864324828447 stripped
Transform:
  m_CorrespondingSourceObject: {fileID: 6987949269262555486, guid: 0196ce213f5b86c4cb76d46e38ddfbf7, type: 3}
  m_PrefabInstance: {fileID: 7288341104615085121}
  m_PrefabAsset: {fileID: 0}
--- !u!1001 &7420359327667161382
PrefabInstance:
  m_ObjectHideFlags: 0
  serializedVersion: 2
  m_Modification:
    m_TransformParent: {fileID: 5382570881202792968}
    m_Modifications:
    - target: {fileID: 6987949269262555486, guid: 0196ce213f5b86c4cb76d46e38ddfbf7, type: 3}
      propertyPath: m_LocalPosition.x
      value: 0.2385354
      objectReference: {fileID: 0}
    - target: {fileID: 6987949269262555486, guid: 0196ce213f5b86c4cb76d46e38ddfbf7, type: 3}
      propertyPath: m_LocalPosition.y
      value: -0.30730692
      objectReference: {fileID: 0}
    - target: {fileID: 6987949269262555486, guid: 0196ce213f5b86c4cb76d46e38ddfbf7, type: 3}
      propertyPath: m_LocalPosition.z
      value: -0.3736772
      objectReference: {fileID: 0}
    - target: {fileID: 6987949269262555486, guid: 0196ce213f5b86c4cb76d46e38ddfbf7, type: 3}
      propertyPath: m_LocalRotation.x
      value: -0.09212421
      objectReference: {fileID: 0}
    - target: {fileID: 6987949269262555486, guid: 0196ce213f5b86c4cb76d46e38ddfbf7, type: 3}
      propertyPath: m_LocalRotation.y
      value: -0.70667446
      objectReference: {fileID: 0}
    - target: {fileID: 6987949269262555486, guid: 0196ce213f5b86c4cb76d46e38ddfbf7, type: 3}
      propertyPath: m_LocalRotation.z
      value: 0.09212506
      objectReference: {fileID: 0}
    - target: {fileID: 6987949269262555486, guid: 0196ce213f5b86c4cb76d46e38ddfbf7, type: 3}
      propertyPath: m_LocalRotation.w
      value: 0.69544035
      objectReference: {fileID: 0}
    - target: {fileID: 6987949269262555486, guid: 0196ce213f5b86c4cb76d46e38ddfbf7, type: 3}
      propertyPath: m_RootOrder
      value: 5
      objectReference: {fileID: 0}
    - target: {fileID: 6987949269262555486, guid: 0196ce213f5b86c4cb76d46e38ddfbf7, type: 3}
      propertyPath: m_LocalEulerAnglesHint.x
      value: 0.119
      objectReference: {fileID: 0}
    - target: {fileID: 6987949269262555486, guid: 0196ce213f5b86c4cb76d46e38ddfbf7, type: 3}
      propertyPath: m_LocalEulerAnglesHint.y
      value: -90.903
      objectReference: {fileID: 0}
    - target: {fileID: 6987949269262555486, guid: 0196ce213f5b86c4cb76d46e38ddfbf7, type: 3}
      propertyPath: m_LocalEulerAnglesHint.z
      value: 14.972
      objectReference: {fileID: 0}
    - target: {fileID: 7760263435902256100, guid: 0196ce213f5b86c4cb76d46e38ddfbf7, type: 3}
      propertyPath: m_Name
      value: ammoBoxDirtyClose (13)
      objectReference: {fileID: 0}
    m_RemovedComponents: []
  m_SourcePrefab: {fileID: 100100000, guid: 0196ce213f5b86c4cb76d46e38ddfbf7, type: 3}
--- !u!4 &432424352341020792 stripped
Transform:
  m_CorrespondingSourceObject: {fileID: 6987949269262555486, guid: 0196ce213f5b86c4cb76d46e38ddfbf7, type: 3}
  m_PrefabInstance: {fileID: 7420359327667161382}
  m_PrefabAsset: {fileID: 0}
--- !u!1001 &7562647670567662008
PrefabInstance:
  m_ObjectHideFlags: 0
  serializedVersion: 2
  m_Modification:
    m_TransformParent: {fileID: 2387142676601618814}
    m_Modifications:
    - target: {fileID: 6987949269262555486, guid: 0196ce213f5b86c4cb76d46e38ddfbf7, type: 3}
      propertyPath: m_LocalPosition.x
      value: -0.216
      objectReference: {fileID: 0}
    - target: {fileID: 6987949269262555486, guid: 0196ce213f5b86c4cb76d46e38ddfbf7, type: 3}
      propertyPath: m_LocalPosition.y
      value: -0.255
      objectReference: {fileID: 0}
    - target: {fileID: 6987949269262555486, guid: 0196ce213f5b86c4cb76d46e38ddfbf7, type: 3}
      propertyPath: m_LocalPosition.z
      value: 0.101
      objectReference: {fileID: 0}
    - target: {fileID: 6987949269262555486, guid: 0196ce213f5b86c4cb76d46e38ddfbf7, type: 3}
      propertyPath: m_LocalRotation.x
      value: -0
      objectReference: {fileID: 0}
    - target: {fileID: 6987949269262555486, guid: 0196ce213f5b86c4cb76d46e38ddfbf7, type: 3}
      propertyPath: m_LocalRotation.y
      value: -0.70710576
      objectReference: {fileID: 0}
    - target: {fileID: 6987949269262555486, guid: 0196ce213f5b86c4cb76d46e38ddfbf7, type: 3}
      propertyPath: m_LocalRotation.z
      value: -0
      objectReference: {fileID: 0}
    - target: {fileID: 6987949269262555486, guid: 0196ce213f5b86c4cb76d46e38ddfbf7, type: 3}
      propertyPath: m_LocalRotation.w
      value: 0.70710784
      objectReference: {fileID: 0}
    - target: {fileID: 6987949269262555486, guid: 0196ce213f5b86c4cb76d46e38ddfbf7, type: 3}
      propertyPath: m_RootOrder
      value: 1
      objectReference: {fileID: 0}
    - target: {fileID: 6987949269262555486, guid: 0196ce213f5b86c4cb76d46e38ddfbf7, type: 3}
      propertyPath: m_LocalEulerAnglesHint.x
      value: 0
      objectReference: {fileID: 0}
    - target: {fileID: 6987949269262555486, guid: 0196ce213f5b86c4cb76d46e38ddfbf7, type: 3}
      propertyPath: m_LocalEulerAnglesHint.y
      value: -90
      objectReference: {fileID: 0}
    - target: {fileID: 6987949269262555486, guid: 0196ce213f5b86c4cb76d46e38ddfbf7, type: 3}
      propertyPath: m_LocalEulerAnglesHint.z
      value: 0
      objectReference: {fileID: 0}
    - target: {fileID: 7760263435902256100, guid: 0196ce213f5b86c4cb76d46e38ddfbf7, type: 3}
      propertyPath: m_Name
      value: ammoBoxDirtyClose (9)
      objectReference: {fileID: 0}
    m_RemovedComponents: []
  m_SourcePrefab: {fileID: 100100000, guid: 0196ce213f5b86c4cb76d46e38ddfbf7, type: 3}
--- !u!4 &579210815354611942 stripped
Transform:
  m_CorrespondingSourceObject: {fileID: 6987949269262555486, guid: 0196ce213f5b86c4cb76d46e38ddfbf7, type: 3}
  m_PrefabInstance: {fileID: 7562647670567662008}
  m_PrefabAsset: {fileID: 0}
--- !u!1001 &7730628020226027069
PrefabInstance:
  m_ObjectHideFlags: 0
  serializedVersion: 2
  m_Modification:
    m_TransformParent: {fileID: 3961261083410103684}
    m_Modifications:
    - target: {fileID: 6987949269262555486, guid: 0196ce213f5b86c4cb76d46e38ddfbf7, type: 3}
      propertyPath: m_LocalPosition.x
      value: -0.217
      objectReference: {fileID: 0}
    - target: {fileID: 6987949269262555486, guid: 0196ce213f5b86c4cb76d46e38ddfbf7, type: 3}
      propertyPath: m_LocalPosition.y
      value: -0.277
      objectReference: {fileID: 0}
    - target: {fileID: 6987949269262555486, guid: 0196ce213f5b86c4cb76d46e38ddfbf7, type: 3}
      propertyPath: m_LocalPosition.z
      value: 0.107
      objectReference: {fileID: 0}
    - target: {fileID: 6987949269262555486, guid: 0196ce213f5b86c4cb76d46e38ddfbf7, type: 3}
      propertyPath: m_LocalRotation.x
      value: 0.09212434
      objectReference: {fileID: 0}
    - target: {fileID: 6987949269262555486, guid: 0196ce213f5b86c4cb76d46e38ddfbf7, type: 3}
      propertyPath: m_LocalRotation.y
      value: -0.7066746
      objectReference: {fileID: 0}
    - target: {fileID: 6987949269262555486, guid: 0196ce213f5b86c4cb76d46e38ddfbf7, type: 3}
      propertyPath: m_LocalRotation.z
      value: -0.092123985
      objectReference: {fileID: 0}
    - target: {fileID: 6987949269262555486, guid: 0196ce213f5b86c4cb76d46e38ddfbf7, type: 3}
      propertyPath: m_LocalRotation.w
      value: 0.6954404
      objectReference: {fileID: 0}
    - target: {fileID: 6987949269262555486, guid: 0196ce213f5b86c4cb76d46e38ddfbf7, type: 3}
      propertyPath: m_RootOrder
      value: 1
      objectReference: {fileID: 0}
    - target: {fileID: 6987949269262555486, guid: 0196ce213f5b86c4cb76d46e38ddfbf7, type: 3}
      propertyPath: m_LocalEulerAnglesHint.x
      value: -0.119
      objectReference: {fileID: 0}
    - target: {fileID: 6987949269262555486, guid: 0196ce213f5b86c4cb76d46e38ddfbf7, type: 3}
      propertyPath: m_LocalEulerAnglesHint.y
      value: -90.903
      objectReference: {fileID: 0}
    - target: {fileID: 6987949269262555486, guid: 0196ce213f5b86c4cb76d46e38ddfbf7, type: 3}
      propertyPath: m_LocalEulerAnglesHint.z
      value: -14.971
      objectReference: {fileID: 0}
    - target: {fileID: 7760263435902256100, guid: 0196ce213f5b86c4cb76d46e38ddfbf7, type: 3}
      propertyPath: m_Name
      value: ammoBoxDirtyClose (9)
      objectReference: {fileID: 0}
    m_RemovedComponents: []
  m_SourcePrefab: {fileID: 100100000, guid: 0196ce213f5b86c4cb76d46e38ddfbf7, type: 3}
--- !u!4 &842907534872852323 stripped
Transform:
  m_CorrespondingSourceObject: {fileID: 6987949269262555486, guid: 0196ce213f5b86c4cb76d46e38ddfbf7, type: 3}
  m_PrefabInstance: {fileID: 7730628020226027069}
  m_PrefabAsset: {fileID: 0}
--- !u!1001 &7751483017411043348
PrefabInstance:
  m_ObjectHideFlags: 0
  serializedVersion: 2
  m_Modification:
    m_TransformParent: {fileID: 5382570881202792968}
    m_Modifications:
    - target: {fileID: 6987949269262555486, guid: 0196ce213f5b86c4cb76d46e38ddfbf7, type: 3}
      propertyPath: m_LocalPosition.x
      value: 0.241
      objectReference: {fileID: 0}
    - target: {fileID: 6987949269262555486, guid: 0196ce213f5b86c4cb76d46e38ddfbf7, type: 3}
      propertyPath: m_LocalPosition.y
      value: -0.051
      objectReference: {fileID: 0}
    - target: {fileID: 6987949269262555486, guid: 0196ce213f5b86c4cb76d46e38ddfbf7, type: 3}
      propertyPath: m_LocalPosition.z
      value: 0.093
      objectReference: {fileID: 0}
    - target: {fileID: 6987949269262555486, guid: 0196ce213f5b86c4cb76d46e38ddfbf7, type: 3}
      propertyPath: m_LocalRotation.x
      value: 0.18267229
      objectReference: {fileID: 0}
    - target: {fileID: 6987949269262555486, guid: 0196ce213f5b86c4cb76d46e38ddfbf7, type: 3}
      propertyPath: m_LocalRotation.y
      value: -0.67187184
      objectReference: {fileID: 0}
    - target: {fileID: 6987949269262555486, guid: 0196ce213f5b86c4cb76d46e38ddfbf7, type: 3}
      propertyPath: m_LocalRotation.z
      value: -0.18267365
      objectReference: {fileID: 0}
    - target: {fileID: 6987949269262555486, guid: 0196ce213f5b86c4cb76d46e38ddfbf7, type: 3}
      propertyPath: m_LocalRotation.w
      value: 0.6941537
      objectReference: {fileID: 0}
    - target: {fileID: 6987949269262555486, guid: 0196ce213f5b86c4cb76d46e38ddfbf7, type: 3}
      propertyPath: m_RootOrder
      value: 3
      objectReference: {fileID: 0}
    - target: {fileID: 6987949269262555486, guid: 0196ce213f5b86c4cb76d46e38ddfbf7, type: 3}
      propertyPath: m_LocalEulerAnglesHint.x
      value: 0.466
      objectReference: {fileID: 0}
    - target: {fileID: 6987949269262555486, guid: 0196ce213f5b86c4cb76d46e38ddfbf7, type: 3}
      propertyPath: m_LocalEulerAnglesHint.y
      value: -88.256
      objectReference: {fileID: 0}
    - target: {fileID: 6987949269262555486, guid: 0196ce213f5b86c4cb76d46e38ddfbf7, type: 3}
      propertyPath: m_LocalEulerAnglesHint.z
      value: -29.94
      objectReference: {fileID: 0}
    - target: {fileID: 7760263435902256100, guid: 0196ce213f5b86c4cb76d46e38ddfbf7, type: 3}
      propertyPath: m_Name
      value: ammoBoxDirtyClose
      objectReference: {fileID: 0}
    m_RemovedComponents: []
  m_SourcePrefab: {fileID: 100100000, guid: 0196ce213f5b86c4cb76d46e38ddfbf7, type: 3}
--- !u!4 &822155877319080266 stripped
Transform:
  m_CorrespondingSourceObject: {fileID: 6987949269262555486, guid: 0196ce213f5b86c4cb76d46e38ddfbf7, type: 3}
  m_PrefabInstance: {fileID: 7751483017411043348}
  m_PrefabAsset: {fileID: 0}
--- !u!1001 &8018345722835359623
PrefabInstance:
  m_ObjectHideFlags: 0
  serializedVersion: 2
  m_Modification:
    m_TransformParent: {fileID: 2155088693690460399}
    m_Modifications:
    - target: {fileID: 6987949269262555486, guid: 0196ce213f5b86c4cb76d46e38ddfbf7, type: 3}
      propertyPath: m_LocalPosition.x
      value: -0.209
      objectReference: {fileID: 0}
    - target: {fileID: 6987949269262555486, guid: 0196ce213f5b86c4cb76d46e38ddfbf7, type: 3}
      propertyPath: m_LocalPosition.y
      value: -0.147
      objectReference: {fileID: 0}
    - target: {fileID: 6987949269262555486, guid: 0196ce213f5b86c4cb76d46e38ddfbf7, type: 3}
      propertyPath: m_LocalPosition.z
      value: -0.68
      objectReference: {fileID: 0}
    - target: {fileID: 6987949269262555486, guid: 0196ce213f5b86c4cb76d46e38ddfbf7, type: 3}
      propertyPath: m_LocalRotation.x
      value: -0
      objectReference: {fileID: 0}
    - target: {fileID: 6987949269262555486, guid: 0196ce213f5b86c4cb76d46e38ddfbf7, type: 3}
      propertyPath: m_LocalRotation.y
      value: 0.7071058
      objectReference: {fileID: 0}
    - target: {fileID: 6987949269262555486, guid: 0196ce213f5b86c4cb76d46e38ddfbf7, type: 3}
      propertyPath: m_LocalRotation.z
      value: -0
      objectReference: {fileID: 0}
    - target: {fileID: 6987949269262555486, guid: 0196ce213f5b86c4cb76d46e38ddfbf7, type: 3}
      propertyPath: m_LocalRotation.w
      value: 0.7071078
      objectReference: {fileID: 0}
    - target: {fileID: 6987949269262555486, guid: 0196ce213f5b86c4cb76d46e38ddfbf7, type: 3}
      propertyPath: m_RootOrder
      value: 1
      objectReference: {fileID: 0}
    - target: {fileID: 6987949269262555486, guid: 0196ce213f5b86c4cb76d46e38ddfbf7, type: 3}
      propertyPath: m_LocalEulerAnglesHint.x
      value: 0
      objectReference: {fileID: 0}
    - target: {fileID: 6987949269262555486, guid: 0196ce213f5b86c4cb76d46e38ddfbf7, type: 3}
      propertyPath: m_LocalEulerAnglesHint.y
      value: 90
      objectReference: {fileID: 0}
    - target: {fileID: 6987949269262555486, guid: 0196ce213f5b86c4cb76d46e38ddfbf7, type: 3}
      propertyPath: m_LocalEulerAnglesHint.z
      value: 0
      objectReference: {fileID: 0}
    - target: {fileID: 7760263435902256100, guid: 0196ce213f5b86c4cb76d46e38ddfbf7, type: 3}
      propertyPath: m_Name
      value: ammoBoxDirtyClose (14)
      objectReference: {fileID: 0}
    m_RemovedComponents: []
  m_SourcePrefab: {fileID: 100100000, guid: 0196ce213f5b86c4cb76d46e38ddfbf7, type: 3}
--- !u!4 &1134005667641134809 stripped
Transform:
  m_CorrespondingSourceObject: {fileID: 6987949269262555486, guid: 0196ce213f5b86c4cb76d46e38ddfbf7, type: 3}
  m_PrefabInstance: {fileID: 8018345722835359623}
  m_PrefabAsset: {fileID: 0}
--- !u!1001 &8373465187613198844
PrefabInstance:
  m_ObjectHideFlags: 0
  serializedVersion: 2
  m_Modification:
    m_TransformParent: {fileID: 5382570881202792968}
    m_Modifications:
    - target: {fileID: 6987949269262555486, guid: 0196ce213f5b86c4cb76d46e38ddfbf7, type: 3}
      propertyPath: m_LocalPosition.x
      value: 0.245
      objectReference: {fileID: 0}
    - target: {fileID: 6987949269262555486, guid: 0196ce213f5b86c4cb76d46e38ddfbf7, type: 3}
      propertyPath: m_LocalPosition.y
      value: -0.114
      objectReference: {fileID: 0}
    - target: {fileID: 6987949269262555486, guid: 0196ce213f5b86c4cb76d46e38ddfbf7, type: 3}
      propertyPath: m_LocalPosition.z
      value: -0.141
      objectReference: {fileID: 0}
    - target: {fileID: 6987949269262555486, guid: 0196ce213f5b86c4cb76d46e38ddfbf7, type: 3}
      propertyPath: m_LocalRotation.x
      value: -0
      objectReference: {fileID: 0}
    - target: {fileID: 6987949269262555486, guid: 0196ce213f5b86c4cb76d46e38ddfbf7, type: 3}
      propertyPath: m_LocalRotation.y
      value: 0.70710576
      objectReference: {fileID: 0}
    - target: {fileID: 6987949269262555486, guid: 0196ce213f5b86c4cb76d46e38ddfbf7, type: 3}
      propertyPath: m_LocalRotation.z
      value: -0
      objectReference: {fileID: 0}
    - target: {fileID: 6987949269262555486, guid: 0196ce213f5b86c4cb76d46e38ddfbf7, type: 3}
      propertyPath: m_LocalRotation.w
      value: 0.7071078
      objectReference: {fileID: 0}
    - target: {fileID: 6987949269262555486, guid: 0196ce213f5b86c4cb76d46e38ddfbf7, type: 3}
      propertyPath: m_RootOrder
      value: 0
      objectReference: {fileID: 0}
    - target: {fileID: 6987949269262555486, guid: 0196ce213f5b86c4cb76d46e38ddfbf7, type: 3}
      propertyPath: m_LocalEulerAnglesHint.x
      value: 0
      objectReference: {fileID: 0}
    - target: {fileID: 6987949269262555486, guid: 0196ce213f5b86c4cb76d46e38ddfbf7, type: 3}
      propertyPath: m_LocalEulerAnglesHint.y
      value: 90
      objectReference: {fileID: 0}
    - target: {fileID: 6987949269262555486, guid: 0196ce213f5b86c4cb76d46e38ddfbf7, type: 3}
      propertyPath: m_LocalEulerAnglesHint.z
      value: 0
      objectReference: {fileID: 0}
    - target: {fileID: 6987949269262555486, guid: 0196ce213f5b86c4cb76d46e38ddfbf7, type: 3}
      propertyPath: m_LocalScale.x
      value: 0.14999999
      objectReference: {fileID: 0}
    - target: {fileID: 6987949269262555486, guid: 0196ce213f5b86c4cb76d46e38ddfbf7, type: 3}
      propertyPath: m_LocalScale.z
      value: 0.14999999
      objectReference: {fileID: 0}
    - target: {fileID: 7760263435902256100, guid: 0196ce213f5b86c4cb76d46e38ddfbf7, type: 3}
      propertyPath: m_Name
      value: ammoBoxDirtyClose (1)
      objectReference: {fileID: 0}
    m_RemovedComponents: []
  m_SourcePrefab: {fileID: 100100000, guid: 0196ce213f5b86c4cb76d46e38ddfbf7, type: 3}
--- !u!4 &1499321470681125026 stripped
Transform:
  m_CorrespondingSourceObject: {fileID: 6987949269262555486, guid: 0196ce213f5b86c4cb76d46e38ddfbf7, type: 3}
  m_PrefabInstance: {fileID: 8373465187613198844}
  m_PrefabAsset: {fileID: 0}
--- !u!1001 &8645037997352209083
PrefabInstance:
  m_ObjectHideFlags: 0
  serializedVersion: 2
  m_Modification:
    m_TransformParent: {fileID: 2084474176854134521}
    m_Modifications:
    - target: {fileID: 6987949269262555486, guid: 0196ce213f5b86c4cb76d46e38ddfbf7, type: 3}
      propertyPath: m_LocalPosition.x
      value: 0.2375387
      objectReference: {fileID: 0}
    - target: {fileID: 6987949269262555486, guid: 0196ce213f5b86c4cb76d46e38ddfbf7, type: 3}
      propertyPath: m_LocalPosition.y
      value: -0.2909511
      objectReference: {fileID: 0}
    - target: {fileID: 6987949269262555486, guid: 0196ce213f5b86c4cb76d46e38ddfbf7, type: 3}
      propertyPath: m_LocalPosition.z
      value: -0.59593374
      objectReference: {fileID: 0}
    - target: {fileID: 6987949269262555486, guid: 0196ce213f5b86c4cb76d46e38ddfbf7, type: 3}
      propertyPath: m_LocalRotation.x
      value: -0.27009785
      objectReference: {fileID: 0}
    - target: {fileID: 6987949269262555486, guid: 0196ce213f5b86c4cb76d46e38ddfbf7, type: 3}
      propertyPath: m_LocalRotation.y
      value: -0.66975194
      objectReference: {fileID: 0}
    - target: {fileID: 6987949269262555486, guid: 0196ce213f5b86c4cb76d46e38ddfbf7, type: 3}
      propertyPath: m_LocalRotation.z
      value: 0.27009368
      objectReference: {fileID: 0}
    - target: {fileID: 6987949269262555486, guid: 0196ce213f5b86c4cb76d46e38ddfbf7, type: 3}
      propertyPath: m_LocalRotation.w
      value: 0.63681155
      objectReference: {fileID: 0}
    - target: {fileID: 6987949269262555486, guid: 0196ce213f5b86c4cb76d46e38ddfbf7, type: 3}
      propertyPath: m_RootOrder
      value: 3
      objectReference: {fileID: 0}
    - target: {fileID: 6987949269262555486, guid: 0196ce213f5b86c4cb76d46e38ddfbf7, type: 3}
      propertyPath: m_LocalEulerAnglesHint.x
      value: 1.019
      objectReference: {fileID: 0}
    - target: {fileID: 6987949269262555486, guid: 0196ce213f5b86c4cb76d46e38ddfbf7, type: 3}
      propertyPath: m_LocalEulerAnglesHint.y
      value: -92.467
      objectReference: {fileID: 0}
    - target: {fileID: 6987949269262555486, guid: 0196ce213f5b86c4cb76d46e38ddfbf7, type: 3}
      propertyPath: m_LocalEulerAnglesHint.z
      value: 44.903
      objectReference: {fileID: 0}
    - target: {fileID: 7760263435902256100, guid: 0196ce213f5b86c4cb76d46e38ddfbf7, type: 3}
      propertyPath: m_Name
      value: ammoBoxDirtyClose (13)
      objectReference: {fileID: 0}
    m_RemovedComponents: []
  m_SourcePrefab: {fileID: 100100000, guid: 0196ce213f5b86c4cb76d46e38ddfbf7, type: 3}
--- !u!4 &1658299480781788133 stripped
Transform:
  m_CorrespondingSourceObject: {fileID: 6987949269262555486, guid: 0196ce213f5b86c4cb76d46e38ddfbf7, type: 3}
  m_PrefabInstance: {fileID: 8645037997352209083}
  m_PrefabAsset: {fileID: 0}
--- !u!1001 &8807696832357740533
PrefabInstance:
  m_ObjectHideFlags: 0
  serializedVersion: 2
  m_Modification:
    m_TransformParent: {fileID: 3961261083410103684}
    m_Modifications:
    - target: {fileID: 6987949269262555486, guid: 0196ce213f5b86c4cb76d46e38ddfbf7, type: 3}
      propertyPath: m_LocalPosition.x
      value: -0.218
      objectReference: {fileID: 0}
    - target: {fileID: 6987949269262555486, guid: 0196ce213f5b86c4cb76d46e38ddfbf7, type: 3}
      propertyPath: m_LocalPosition.y
      value: -0.291
      objectReference: {fileID: 0}
    - target: {fileID: 6987949269262555486, guid: 0196ce213f5b86c4cb76d46e38ddfbf7, type: 3}
      propertyPath: m_LocalPosition.z
      value: -0.555
      objectReference: {fileID: 0}
    - target: {fileID: 6987949269262555486, guid: 0196ce213f5b86c4cb76d46e38ddfbf7, type: 3}
      propertyPath: m_LocalRotation.x
      value: 0.09212483
      objectReference: {fileID: 0}
    - target: {fileID: 6987949269262555486, guid: 0196ce213f5b86c4cb76d46e38ddfbf7, type: 3}
      propertyPath: m_LocalRotation.y
      value: 0.6954383
      objectReference: {fileID: 0}
    - target: {fileID: 6987949269262555486, guid: 0196ce213f5b86c4cb76d46e38ddfbf7, type: 3}
      propertyPath: m_LocalRotation.z
      value: 0.09212447
      objectReference: {fileID: 0}
    - target: {fileID: 6987949269262555486, guid: 0196ce213f5b86c4cb76d46e38ddfbf7, type: 3}
      propertyPath: m_LocalRotation.w
      value: 0.7066764
      objectReference: {fileID: 0}
    - target: {fileID: 6987949269262555486, guid: 0196ce213f5b86c4cb76d46e38ddfbf7, type: 3}
      propertyPath: m_RootOrder
      value: 3
      objectReference: {fileID: 0}
    - target: {fileID: 6987949269262555486, guid: 0196ce213f5b86c4cb76d46e38ddfbf7, type: 3}
      propertyPath: m_LocalEulerAnglesHint.x
      value: 0.119
      objectReference: {fileID: 0}
    - target: {fileID: 6987949269262555486, guid: 0196ce213f5b86c4cb76d46e38ddfbf7, type: 3}
      propertyPath: m_LocalEulerAnglesHint.y
      value: 89.097
      objectReference: {fileID: 0}
    - target: {fileID: 6987949269262555486, guid: 0196ce213f5b86c4cb76d46e38ddfbf7, type: 3}
      propertyPath: m_LocalEulerAnglesHint.z
      value: 14.972
      objectReference: {fileID: 0}
    - target: {fileID: 7760263435902256100, guid: 0196ce213f5b86c4cb76d46e38ddfbf7, type: 3}
      propertyPath: m_Name
      value: ammoBoxDirtyClose (14)
      objectReference: {fileID: 0}
    m_RemovedComponents: []
  m_SourcePrefab: {fileID: 100100000, guid: 0196ce213f5b86c4cb76d46e38ddfbf7, type: 3}
--- !u!4 &1927847733777692331 stripped
Transform:
  m_CorrespondingSourceObject: {fileID: 6987949269262555486, guid: 0196ce213f5b86c4cb76d46e38ddfbf7, type: 3}
  m_PrefabInstance: {fileID: 8807696832357740533}
  m_PrefabAsset: {fileID: 0}
--- !u!1001 &8938268540964240436
PrefabInstance:
  m_ObjectHideFlags: 0
  serializedVersion: 2
  m_Modification:
    m_TransformParent: {fileID: 2387142676601618814}
    m_Modifications:
    - target: {fileID: 6987949269262555486, guid: 0196ce213f5b86c4cb76d46e38ddfbf7, type: 3}
      propertyPath: m_LocalPosition.x
      value: -0.231
      objectReference: {fileID: 0}
    - target: {fileID: 6987949269262555486, guid: 0196ce213f5b86c4cb76d46e38ddfbf7, type: 3}
      propertyPath: m_LocalPosition.y
      value: -0.354
      objectReference: {fileID: 0}
    - target: {fileID: 6987949269262555486, guid: 0196ce213f5b86c4cb76d46e38ddfbf7, type: 3}
      propertyPath: m_LocalPosition.z
      value: -0.635
      objectReference: {fileID: 0}
    - target: {fileID: 6987949269262555486, guid: 0196ce213f5b86c4cb76d46e38ddfbf7, type: 3}
      propertyPath: m_LocalRotation.x
      value: -0.1857136
      objectReference: {fileID: 0}
    - target: {fileID: 6987949269262555486, guid: 0196ce213f5b86c4cb76d46e38ddfbf7, type: 3}
      propertyPath: m_LocalRotation.y
      value: 0.6992902
      objectReference: {fileID: 0}
    - target: {fileID: 6987949269262555486, guid: 0196ce213f5b86c4cb76d46e38ddfbf7, type: 3}
      propertyPath: m_LocalRotation.z
      value: -0.17898504
      objectReference: {fileID: 0}
    - target: {fileID: 6987949269262555486, guid: 0196ce213f5b86c4cb76d46e38ddfbf7, type: 3}
      propertyPath: m_LocalRotation.w
      value: 0.6666843
      objectReference: {fileID: 0}
    - target: {fileID: 6987949269262555486, guid: 0196ce213f5b86c4cb76d46e38ddfbf7, type: 3}
      propertyPath: m_RootOrder
      value: 2
      objectReference: {fileID: 0}
    - target: {fileID: 6987949269262555486, guid: 0196ce213f5b86c4cb76d46e38ddfbf7, type: 3}
      propertyPath: m_LocalEulerAnglesHint.x
      value: 0.155
      objectReference: {fileID: 0}
    - target: {fileID: 6987949269262555486, guid: 0196ce213f5b86c4cb76d46e38ddfbf7, type: 3}
      propertyPath: m_LocalEulerAnglesHint.y
      value: 92.693
      objectReference: {fileID: 0}
    - target: {fileID: 6987949269262555486, guid: 0196ce213f5b86c4cb76d46e38ddfbf7, type: 3}
      propertyPath: m_LocalEulerAnglesHint.z
      value: -29.894
      objectReference: {fileID: 0}
    - target: {fileID: 7760263435902256100, guid: 0196ce213f5b86c4cb76d46e38ddfbf7, type: 3}
      propertyPath: m_Name
      value: ammoBoxDirtyClose (14)
      objectReference: {fileID: 0}
    m_RemovedComponents: []
  m_SourcePrefab: {fileID: 100100000, guid: 0196ce213f5b86c4cb76d46e38ddfbf7, type: 3}
--- !u!4 &2085506615571686762 stripped
Transform:
  m_CorrespondingSourceObject: {fileID: 6987949269262555486, guid: 0196ce213f5b86c4cb76d46e38ddfbf7, type: 3}
  m_PrefabInstance: {fileID: 8938268540964240436}
  m_PrefabAsset: {fileID: 0}
--- !u!1001 &8991890539878483239
PrefabInstance:
  m_ObjectHideFlags: 0
  serializedVersion: 2
  m_Modification:
    m_TransformParent: {fileID: 3961261083410103684}
    m_Modifications:
    - target: {fileID: 6987949269262555486, guid: 0196ce213f5b86c4cb76d46e38ddfbf7, type: 3}
      propertyPath: m_LocalPosition.x
      value: -0.13157324
      objectReference: {fileID: 0}
    - target: {fileID: 6987949269262555486, guid: 0196ce213f5b86c4cb76d46e38ddfbf7, type: 3}
      propertyPath: m_LocalPosition.y
      value: -0.17806959
      objectReference: {fileID: 0}
    - target: {fileID: 6987949269262555486, guid: 0196ce213f5b86c4cb76d46e38ddfbf7, type: 3}
      propertyPath: m_LocalPosition.z
      value: -0.4220377
      objectReference: {fileID: 0}
    - target: {fileID: 6987949269262555486, guid: 0196ce213f5b86c4cb76d46e38ddfbf7, type: 3}
      propertyPath: m_LocalRotation.x
      value: 0.18267336
      objectReference: {fileID: 0}
    - target: {fileID: 6987949269262555486, guid: 0196ce213f5b86c4cb76d46e38ddfbf7, type: 3}
      propertyPath: m_LocalRotation.y
      value: 0.67187196
      objectReference: {fileID: 0}
    - target: {fileID: 6987949269262555486, guid: 0196ce213f5b86c4cb76d46e38ddfbf7, type: 3}
      propertyPath: m_LocalRotation.z
      value: 0.1826725
      objectReference: {fileID: 0}
    - target: {fileID: 6987949269262555486, guid: 0196ce213f5b86c4cb76d46e38ddfbf7, type: 3}
      propertyPath: m_LocalRotation.w
      value: 0.69415367
      objectReference: {fileID: 0}
    - target: {fileID: 6987949269262555486, guid: 0196ce213f5b86c4cb76d46e38ddfbf7, type: 3}
      propertyPath: m_RootOrder
      value: 2
      objectReference: {fileID: 0}
    - target: {fileID: 6987949269262555486, guid: 0196ce213f5b86c4cb76d46e38ddfbf7, type: 3}
      propertyPath: m_LocalEulerAnglesHint.x
      value: 0.466
      objectReference: {fileID: 0}
    - target: {fileID: 6987949269262555486, guid: 0196ce213f5b86c4cb76d46e38ddfbf7, type: 3}
      propertyPath: m_LocalEulerAnglesHint.y
      value: 88.256
      objectReference: {fileID: 0}
    - target: {fileID: 6987949269262555486, guid: 0196ce213f5b86c4cb76d46e38ddfbf7, type: 3}
      propertyPath: m_LocalEulerAnglesHint.z
      value: 29.94
      objectReference: {fileID: 0}
    - target: {fileID: 7760263435902256100, guid: 0196ce213f5b86c4cb76d46e38ddfbf7, type: 3}
      propertyPath: m_Name
      value: ammoBoxDirtyClose (12)
      objectReference: {fileID: 0}
    m_RemovedComponents: []
  m_SourcePrefab: {fileID: 100100000, guid: 0196ce213f5b86c4cb76d46e38ddfbf7, type: 3}
--- !u!4 &2032163674071719033 stripped
Transform:
  m_CorrespondingSourceObject: {fileID: 6987949269262555486, guid: 0196ce213f5b86c4cb76d46e38ddfbf7, type: 3}
  m_PrefabInstance: {fileID: 8991890539878483239}
  m_PrefabAsset: {fileID: 0}
