%YAML 1.1
%TAG !u! tag:unity3d.com,2011:
--- !u!1 &951867119047609725
GameObject:
  m_ObjectHideFlags: 0
  m_CorrespondingSourceObject: {fileID: 0}
  m_PrefabInstance: {fileID: 0}
  m_PrefabAsset: {fileID: 0}
  serializedVersion: 6
  m_Component:
  - component: {fileID: 951867119047609726}
  - component: {fileID: 951867119047609664}
  - component: {fileID: 951867119047609727}
  m_Layer: 5
  m_Name: Cash_Icon
  m_TagString: Untagged
  m_Icon: {fileID: 0}
  m_NavMeshLayer: 0
  m_StaticEditorFlags: 0
  m_IsActive: 1
--- !u!224 &951867119047609726
RectTransform:
  m_ObjectHideFlags: 0
  m_CorrespondingSourceObject: {fileID: 0}
  m_PrefabInstance: {fileID: 0}
  m_PrefabAsset: {fileID: 0}
  m_GameObject: {fileID: 951867119047609725}
  m_LocalRotation: {x: -0, y: -0, z: -0, w: 1}
  m_LocalPosition: {x: 0, y: 0, z: 0}
  m_LocalScale: {x: 1, y: 1, z: 1}
  m_Children: []
  m_Father: {fileID: 951867121131900545}
  m_RootOrder: 1
  m_LocalEulerAnglesHint: {x: 0, y: 0, z: 0}
  m_AnchorMin: {x: 0.038191073, y: 0.30400002}
  m_AnchorMax: {x: 0.23087266, y: 0.70361614}
  m_AnchoredPosition: {x: -40.6, y: -17.482}
  m_SizeDelta: {x: -7.783943, y: 3.8618011}
  m_Pivot: {x: 0.5, y: 0.5}
--- !u!222 &951867119047609664
CanvasRenderer:
  m_ObjectHideFlags: 0
  m_CorrespondingSourceObject: {fileID: 0}
  m_PrefabInstance: {fileID: 0}
  m_PrefabAsset: {fileID: 0}
  m_GameObject: {fileID: 951867119047609725}
  m_CullTransparentMesh: 0
--- !u!114 &951867119047609727
MonoBehaviour:
  m_ObjectHideFlags: 0
  m_CorrespondingSourceObject: {fileID: 0}
  m_PrefabInstance: {fileID: 0}
  m_PrefabAsset: {fileID: 0}
  m_GameObject: {fileID: 951867119047609725}
  m_Enabled: 1
  m_EditorHideFlags: 0
  m_Script: {fileID: 11500000, guid: fe87c0e1cc204ed48ad3b37840f39efc, type: 3}
  m_Name: 
  m_EditorClassIdentifier: 
  m_Material: {fileID: 0}
  m_Color: {r: 0, g: 0, b: 0, a: 0.3529412}
  m_RaycastTarget: 1
  m_RaycastPadding: {x: 0, y: 0, z: 0, w: 0}
  m_Maskable: 1
  m_OnCullStateChanged:
    m_PersistentCalls:
      m_Calls: []
  m_Sprite: {fileID: 21300000, guid: 552c0327aef6b1d42b17e88c1e5d99cf, type: 3}
  m_Type: 0
  m_PreserveAspect: 0
  m_FillCenter: 1
  m_FillMethod: 4
  m_FillAmount: 1
  m_FillClockwise: 1
  m_FillOrigin: 0
  m_UseSpriteMesh: 0
  m_PixelsPerUnitMultiplier: 1
--- !u!1 &951867120207482260
GameObject:
  m_ObjectHideFlags: 0
  m_CorrespondingSourceObject: {fileID: 0}
  m_PrefabInstance: {fileID: 0}
  m_PrefabAsset: {fileID: 0}
  serializedVersion: 6
  m_Component:
  - component: {fileID: 951867120207482264}
  - component: {fileID: 951867120207482263}
  - component: {fileID: 951867120207482262}
  - component: {fileID: 951867120207482261}
  m_Layer: 5
  m_Name: Player_Hud
  m_TagString: Untagged
  m_Icon: {fileID: 0}
  m_NavMeshLayer: 0
  m_StaticEditorFlags: 0
  m_IsActive: 1
--- !u!224 &951867120207482264
RectTransform:
  m_ObjectHideFlags: 0
  m_CorrespondingSourceObject: {fileID: 0}
  m_PrefabInstance: {fileID: 0}
  m_PrefabAsset: {fileID: 0}
  m_GameObject: {fileID: 951867120207482260}
  m_LocalRotation: {x: 0, y: 0, z: 0, w: 1}
  m_LocalPosition: {x: 0, y: 0, z: 0}
  m_LocalScale: {x: 0, y: 0, z: 0}
  m_Children:
  - {fileID: 2690407817618615184}
  - {fileID: 7232353956936990606}
  - {fileID: 1544786458019560882}
  - {fileID: 2858426849381711648}
  - {fileID: 8488488734598996926}
  - {fileID: 8396156674978684636}
  - {fileID: 951867120881134449}
  - {fileID: 951867119665098801}
  - {fileID: 951867119751541728}
  - {fileID: 951867119812490906}
  - {fileID: 4444325694937296625}
  - {fileID: 5009118477686607396}
  - {fileID: 951867121131900545}
  - {fileID: 951867120356615010}
  - {fileID: 3999644531808433159}
  - {fileID: 3999644532249440447}
  - {fileID: 3999644531026338336}
  m_Father: {fileID: 0}
  m_RootOrder: 0
  m_LocalEulerAnglesHint: {x: 0, y: 0, z: 0}
  m_AnchorMin: {x: 0, y: 0}
  m_AnchorMax: {x: 0, y: 0}
  m_AnchoredPosition: {x: 0, y: 0}
  m_SizeDelta: {x: 0, y: 0}
  m_Pivot: {x: 0, y: 0}
--- !u!223 &951867120207482263
Canvas:
  m_ObjectHideFlags: 0
  m_CorrespondingSourceObject: {fileID: 0}
  m_PrefabInstance: {fileID: 0}
  m_PrefabAsset: {fileID: 0}
  m_GameObject: {fileID: 951867120207482260}
  m_Enabled: 1
  serializedVersion: 3
  m_RenderMode: 0
  m_Camera: {fileID: 0}
  m_PlaneDistance: 100
  m_PixelPerfect: 0
  m_ReceivesEvents: 1
  m_OverrideSorting: 0
  m_OverridePixelPerfect: 0
  m_SortingBucketNormalizedSize: 0
  m_AdditionalShaderChannelsFlag: 25
  m_SortingLayerID: 0
  m_SortingOrder: 0
  m_TargetDisplay: 0
--- !u!114 &951867120207482262
MonoBehaviour:
  m_ObjectHideFlags: 0
  m_CorrespondingSourceObject: {fileID: 0}
  m_PrefabInstance: {fileID: 0}
  m_PrefabAsset: {fileID: 0}
  m_GameObject: {fileID: 951867120207482260}
  m_Enabled: 1
  m_EditorHideFlags: 0
  m_Script: {fileID: 11500000, guid: 0cd44c1031e13a943bb63640046fad76, type: 3}
  m_Name: 
  m_EditorClassIdentifier: 
  m_UiScaleMode: 1
  m_ReferencePixelsPerUnit: 100
  m_ScaleFactor: 1
  m_ReferenceResolution: {x: 1920, y: 1080}
  m_ScreenMatchMode: 0
  m_MatchWidthOrHeight: 0.5
  m_PhysicalUnit: 3
  m_FallbackScreenDPI: 96
  m_DefaultSpriteDPI: 96
  m_DynamicPixelsPerUnit: 1
--- !u!114 &951867120207482261
MonoBehaviour:
  m_ObjectHideFlags: 0
  m_CorrespondingSourceObject: {fileID: 0}
  m_PrefabInstance: {fileID: 0}
  m_PrefabAsset: {fileID: 0}
  m_GameObject: {fileID: 951867120207482260}
  m_Enabled: 1
  m_EditorHideFlags: 0
  m_Script: {fileID: 11500000, guid: dc42784cf147c0c48a680349fa168899, type: 3}
  m_Name: 
  m_EditorClassIdentifier: 
  m_IgnoreReversedGraphics: 1
  m_BlockingObjects: 0
  m_BlockingMask:
    serializedVersion: 2
    m_Bits: 4294967295
--- !u!1 &951867120356615009
GameObject:
  m_ObjectHideFlags: 0
  m_CorrespondingSourceObject: {fileID: 0}
  m_PrefabInstance: {fileID: 0}
  m_PrefabAsset: {fileID: 0}
  serializedVersion: 6
  m_Component:
  - component: {fileID: 951867120356615010}
  - component: {fileID: 951867120356615012}
  - component: {fileID: 951867120356615011}
  m_Layer: 5
  m_Name: P_hud
  m_TagString: Untagged
  m_Icon: {fileID: 0}
  m_NavMeshLayer: 0
  m_StaticEditorFlags: 0
  m_IsActive: 1
--- !u!224 &951867120356615010
RectTransform:
  m_ObjectHideFlags: 0
  m_CorrespondingSourceObject: {fileID: 0}
  m_PrefabInstance: {fileID: 0}
  m_PrefabAsset: {fileID: 0}
  m_GameObject: {fileID: 951867120356615009}
  m_LocalRotation: {x: -0, y: -0, z: -0, w: 1}
  m_LocalPosition: {x: 0, y: 0, z: 0}
  m_LocalScale: {x: 1, y: 1, z: 1}
  m_Children: []
  m_Father: {fileID: 951867120207482264}
  m_RootOrder: 13
  m_LocalEulerAnglesHint: {x: 0, y: 0, z: 0}
  m_AnchorMin: {x: 0, y: 0}
  m_AnchorMax: {x: 1, y: 1}
  m_AnchoredPosition: {x: 0, y: 0.00012207031}
  m_SizeDelta: {x: -0.00012207031, y: 0.00036621094}
  m_Pivot: {x: 0.5, y: 0.5}
--- !u!222 &951867120356615012
CanvasRenderer:
  m_ObjectHideFlags: 0
  m_CorrespondingSourceObject: {fileID: 0}
  m_PrefabInstance: {fileID: 0}
  m_PrefabAsset: {fileID: 0}
  m_GameObject: {fileID: 951867120356615009}
  m_CullTransparentMesh: 0
--- !u!114 &951867120356615011
MonoBehaviour:
  m_ObjectHideFlags: 0
  m_CorrespondingSourceObject: {fileID: 0}
  m_PrefabInstance: {fileID: 0}
  m_PrefabAsset: {fileID: 0}
  m_GameObject: {fileID: 951867120356615009}
  m_Enabled: 1
  m_EditorHideFlags: 0
  m_Script: {fileID: 11500000, guid: fe87c0e1cc204ed48ad3b37840f39efc, type: 3}
  m_Name: 
  m_EditorClassIdentifier: 
  m_Material: {fileID: 0}
  m_Color: {r: 1, g: 1, b: 1, a: 0}
  m_RaycastTarget: 0
  m_RaycastPadding: {x: 0, y: 0, z: 0, w: 0}
  m_Maskable: 1
  m_OnCullStateChanged:
    m_PersistentCalls:
      m_Calls: []
  m_Sprite: {fileID: 21300000, guid: 0fd92935611677842bb9d93b7aa9e41d, type: 3}
  m_Type: 0
  m_PreserveAspect: 0
  m_FillCenter: 1
  m_FillMethod: 4
  m_FillAmount: 1
  m_FillClockwise: 1
  m_FillOrigin: 0
  m_UseSpriteMesh: 0
  m_PixelsPerUnitMultiplier: 1
--- !u!1 &951867121131900544
GameObject:
  m_ObjectHideFlags: 0
  m_CorrespondingSourceObject: {fileID: 0}
  m_PrefabInstance: {fileID: 0}
  m_PrefabAsset: {fileID: 0}
  serializedVersion: 6
  m_Component:
  - component: {fileID: 951867121131900545}
  - component: {fileID: 951867121131900547}
  - component: {fileID: 951867121131900546}
  m_Layer: 5
  m_Name: Player_Cash
  m_TagString: Untagged
  m_Icon: {fileID: 0}
  m_NavMeshLayer: 0
  m_StaticEditorFlags: 0
  m_IsActive: 1
--- !u!224 &951867121131900545
RectTransform:
  m_ObjectHideFlags: 0
  m_CorrespondingSourceObject: {fileID: 0}
  m_PrefabInstance: {fileID: 0}
  m_PrefabAsset: {fileID: 0}
  m_GameObject: {fileID: 951867121131900544}
  m_LocalRotation: {x: 0, y: 0, z: 0, w: 1}
  m_LocalPosition: {x: 0, y: 0, z: 0}
  m_LocalScale: {x: 1, y: 1, z: 1}
  m_Children:
  - {fileID: 4641827621753389030}
  - {fileID: 951867119047609726}
  - {fileID: 3999644532871671437}
  m_Father: {fileID: 951867120207482264}
  m_RootOrder: 12
  m_LocalEulerAnglesHint: {x: 0, y: 0, z: 0}
  m_AnchorMin: {x: 0.033, y: 0.8473334}
  m_AnchorMax: {x: 0.18135418, y: 0.961}
  m_AnchoredPosition: {x: 6.8999023, y: 0.9000244}
  m_SizeDelta: {x: 17.082886, y: -0.12158966}
  m_Pivot: {x: 0.5, y: 0.5}
--- !u!222 &951867121131900547
CanvasRenderer:
  m_ObjectHideFlags: 0
  m_CorrespondingSourceObject: {fileID: 0}
  m_PrefabInstance: {fileID: 0}
  m_PrefabAsset: {fileID: 0}
  m_GameObject: {fileID: 951867121131900544}
  m_CullTransparentMesh: 0
--- !u!114 &951867121131900546
MonoBehaviour:
  m_ObjectHideFlags: 0
  m_CorrespondingSourceObject: {fileID: 0}
  m_PrefabInstance: {fileID: 0}
  m_PrefabAsset: {fileID: 0}
  m_GameObject: {fileID: 951867121131900544}
  m_Enabled: 1
  m_EditorHideFlags: 0
  m_Script: {fileID: 11500000, guid: fe87c0e1cc204ed48ad3b37840f39efc, type: 3}
  m_Name: 
  m_EditorClassIdentifier: 
  m_Material: {fileID: 0}
  m_Color: {r: 1, g: 1, b: 1, a: 0}
  m_RaycastTarget: 1
  m_RaycastPadding: {x: 0, y: 0, z: 0, w: 0}
  m_Maskable: 1
  m_OnCullStateChanged:
    m_PersistentCalls:
      m_Calls: []
  m_Sprite: {fileID: 10907, guid: 0000000000000000f000000000000000, type: 0}
  m_Type: 1
  m_PreserveAspect: 0
  m_FillCenter: 1
  m_FillMethod: 4
  m_FillAmount: 1
  m_FillClockwise: 1
  m_FillOrigin: 0
  m_UseSpriteMesh: 0
  m_PixelsPerUnitMultiplier: 1
--- !u!1 &3999644532871671436
GameObject:
  m_ObjectHideFlags: 0
  m_CorrespondingSourceObject: {fileID: 0}
  m_PrefabInstance: {fileID: 0}
  m_PrefabAsset: {fileID: 0}
  serializedVersion: 6
  m_Component:
  - component: {fileID: 3999644532871671437}
  - component: {fileID: 3999644532871671439}
  - component: {fileID: 3999644532871671438}
  m_Layer: 5
  m_Name: '- (1)'
  m_TagString: Untagged
  m_Icon: {fileID: 0}
  m_NavMeshLayer: 0
  m_StaticEditorFlags: 0
  m_IsActive: 1
--- !u!224 &3999644532871671437
RectTransform:
  m_ObjectHideFlags: 0
  m_CorrespondingSourceObject: {fileID: 0}
  m_PrefabInstance: {fileID: 0}
  m_PrefabAsset: {fileID: 0}
  m_GameObject: {fileID: 3999644532871671436}
  m_LocalRotation: {x: -0, y: -0, z: -0, w: 1}
  m_LocalPosition: {x: 0, y: 0, z: 0}
  m_LocalScale: {x: 1, y: 1, z: 1}
  m_Children: []
  m_Father: {fileID: 951867121131900545}
  m_RootOrder: 2
  m_LocalEulerAnglesHint: {x: 0, y: 0, z: 0}
  m_AnchorMin: {x: 0.32075158, y: 0.36938375}
  m_AnchorMax: {x: 0.76900005, y: 0.6713081}
  m_AnchoredPosition: {x: -112.1, y: -19.51}
  m_SizeDelta: {x: -74.90607, y: -18.294914}
  m_Pivot: {x: 0.5, y: 0.5}
--- !u!222 &3999644532871671439
CanvasRenderer:
  m_ObjectHideFlags: 0
  m_CorrespondingSourceObject: {fileID: 0}
  m_PrefabInstance: {fileID: 0}
  m_PrefabAsset: {fileID: 0}
  m_GameObject: {fileID: 3999644532871671436}
  m_CullTransparentMesh: 0
--- !u!114 &3999644532871671438
MonoBehaviour:
  m_ObjectHideFlags: 0
  m_CorrespondingSourceObject: {fileID: 0}
  m_PrefabInstance: {fileID: 0}
  m_PrefabAsset: {fileID: 0}
  m_GameObject: {fileID: 3999644532871671436}
  m_Enabled: 1
  m_EditorHideFlags: 0
  m_Script: {fileID: 11500000, guid: f4688fdb7df04437aeb418b961361dc5, type: 3}
  m_Name: 
  m_EditorClassIdentifier: 
  m_Material: {fileID: 0}
  m_Color: {r: 1, g: 1, b: 1, a: 1}
  m_RaycastTarget: 1
  m_RaycastPadding: {x: 0, y: 0, z: 0, w: 0}
  m_Maskable: 1
  m_OnCullStateChanged:
    m_PersistentCalls:
      m_Calls: []
  m_text: '-'
  m_isRightToLeft: 0
  m_fontAsset: {fileID: 11400000, guid: 120ebc1b0923bd242bc8e58069d0b9d3, type: 2}
  m_sharedMaterial: {fileID: 6502536871289587338, guid: 120ebc1b0923bd242bc8e58069d0b9d3, type: 2}
  m_fontSharedMaterials: []
  m_fontMaterial: {fileID: 0}
  m_fontMaterials: []
  m_fontColor32:
    serializedVersion: 2
    rgba: 1509949440
  m_fontColor: {r: 0, g: 0, b: 0, a: 0.3529412}
  m_enableVertexGradient: 1
  m_colorMode: 3
  m_fontColorGradient:
    topLeft: {r: 1, g: 1, b: 1, a: 1}
    topRight: {r: 1, g: 1, b: 1, a: 1}
    bottomLeft: {r: 1, g: 1, b: 1, a: 1}
    bottomRight: {r: 1, g: 1, b: 1, a: 1}
  m_fontColorGradientPreset: {fileID: 0}
  m_spriteAsset: {fileID: 0}
  m_tintAllSprites: 0
  m_StyleSheet: {fileID: 0}
  m_TextStyleHashCode: -1183493901
  m_overrideHtmlColors: 0
  m_faceColor:
    serializedVersion: 2
    rgba: 4294967295
  m_fontSize: 147.4
  m_fontSizeBase: 147.4
  m_fontWeight: 400
  m_enableAutoSizing: 0
  m_fontSizeMin: 18
  m_fontSizeMax: 72
  m_fontStyle: 17
  m_HorizontalAlignment: 2
  m_VerticalAlignment: 512
  m_textAlignment: 65535
  m_characterSpacing: 0
  m_wordSpacing: 0
  m_lineSpacing: 0
  m_lineSpacingMax: 0
  m_paragraphSpacing: 0
  m_charWidthMaxAdj: 0
  m_enableWordWrapping: 1
  m_wordWrappingRatios: 0.4
  m_overflowMode: 0
  m_linkedTextComponent: {fileID: 0}
  parentLinkedComponent: {fileID: 0}
  m_enableKerning: 1
  m_enableExtraPadding: 0
  checkPaddingRequired: 0
  m_isRichText: 1
  m_parseCtrlCharacters: 1
  m_isOrthographic: 1
  m_isCullingEnabled: 0
  m_horizontalMapping: 0
  m_verticalMapping: 0
  m_uvLineOffset: 0
  m_geometrySortingOrder: 0
  m_IsTextObjectScaleStatic: 0
  m_VertexBufferAutoSizeReduction: 1
  m_useMaxVisibleDescender: 1
  m_pageToDisplay: 1
  m_margin: {x: 0, y: 0, z: -0.00033569336, w: 0}
  m_isUsingLegacyAnimationComponent: 0
  m_isVolumetricText: 0
  m_hasFontAssetChanged: 0
  m_baseMaterial: {fileID: 0}
  m_maskOffset: {x: 0, y: 0, z: 0, w: 0}
--- !u!1 &6838857708999615449
GameObject:
  m_ObjectHideFlags: 0
  m_CorrespondingSourceObject: {fileID: 0}
  m_PrefabInstance: {fileID: 0}
  m_PrefabAsset: {fileID: 0}
  serializedVersion: 6
  m_Component:
  - component: {fileID: 4641827621753389030}
  - component: {fileID: 1829693335118789792}
  - component: {fileID: 2007846837121269383}
  m_Layer: 5
  m_Name: Text (TMP)
  m_TagString: Untagged
  m_Icon: {fileID: 0}
  m_NavMeshLayer: 0
  m_StaticEditorFlags: 0
  m_IsActive: 1
--- !u!224 &4641827621753389030
RectTransform:
  m_ObjectHideFlags: 0
  m_CorrespondingSourceObject: {fileID: 0}
  m_PrefabInstance: {fileID: 0}
  m_PrefabAsset: {fileID: 0}
  m_GameObject: {fileID: 6838857708999615449}
  m_LocalRotation: {x: -0, y: -0, z: -0, w: 1}
  m_LocalPosition: {x: 0, y: 0, z: 0}
  m_LocalScale: {x: 1, y: 1, z: 1}
  m_Children: []
  m_Father: {fileID: 951867121131900545}
  m_RootOrder: 0
  m_LocalEulerAnglesHint: {x: 0, y: 0, z: 0}
  m_AnchorMin: {x: 0.32075158, y: 0.36938375}
  m_AnchorMax: {x: 0.76900005, y: 0.6713081}
  m_AnchoredPosition: {x: -56.9, y: -19.51}
  m_SizeDelta: {x: -74.906075, y: -18.294905}
  m_Pivot: {x: 0.5, y: 0.5}
--- !u!222 &1829693335118789792
CanvasRenderer:
  m_ObjectHideFlags: 0
  m_CorrespondingSourceObject: {fileID: 0}
  m_PrefabInstance: {fileID: 0}
  m_PrefabAsset: {fileID: 0}
  m_GameObject: {fileID: 6838857708999615449}
  m_CullTransparentMesh: 0
--- !u!114 &2007846837121269383
MonoBehaviour:
  m_ObjectHideFlags: 0
  m_CorrespondingSourceObject: {fileID: 0}
  m_PrefabInstance: {fileID: 0}
  m_PrefabAsset: {fileID: 0}
  m_GameObject: {fileID: 6838857708999615449}
  m_Enabled: 1
  m_EditorHideFlags: 0
  m_Script: {fileID: 11500000, guid: f4688fdb7df04437aeb418b961361dc5, type: 3}
  m_Name: 
  m_EditorClassIdentifier: 
  m_Material: {fileID: 0}
  m_Color: {r: 1, g: 1, b: 1, a: 1}
  m_RaycastTarget: 1
  m_RaycastPadding: {x: 0, y: 0, z: 0, w: 0}
  m_Maskable: 1
  m_OnCullStateChanged:
    m_PersistentCalls:
      m_Calls: []
  m_text: 300
  m_isRightToLeft: 0
  m_fontAsset: {fileID: 11400000, guid: 120ebc1b0923bd242bc8e58069d0b9d3, type: 2}
  m_sharedMaterial: {fileID: 6502536871289587338, guid: 120ebc1b0923bd242bc8e58069d0b9d3, type: 2}
  m_fontSharedMaterials: []
  m_fontMaterial: {fileID: 0}
  m_fontMaterials: []
  m_fontColor32:
    serializedVersion: 2
    rgba: 1509949440
  m_fontColor: {r: 0, g: 0, b: 0, a: 0.3529412}
  m_enableVertexGradient: 1
  m_colorMode: 3
  m_fontColorGradient:
    topLeft: {r: 1, g: 1, b: 1, a: 1}
    topRight: {r: 1, g: 1, b: 1, a: 1}
    bottomLeft: {r: 1, g: 1, b: 1, a: 1}
    bottomRight: {r: 1, g: 1, b: 1, a: 1}
  m_fontColorGradientPreset: {fileID: 0}
  m_spriteAsset: {fileID: 0}
  m_tintAllSprites: 0
  m_StyleSheet: {fileID: 0}
  m_TextStyleHashCode: -1183493901
  m_overrideHtmlColors: 0
  m_faceColor:
    serializedVersion: 2
    rgba: 4294967295
  m_fontSize: 30
  m_fontSizeBase: 30
  m_fontWeight: 400
  m_enableAutoSizing: 0
  m_fontSizeMin: 18
  m_fontSizeMax: 72
  m_fontStyle: 17
  m_HorizontalAlignment: 1
  m_VerticalAlignment: 512
  m_textAlignment: 65535
  m_characterSpacing: 0
  m_wordSpacing: 0
  m_lineSpacing: 0
  m_lineSpacingMax: 0
  m_paragraphSpacing: 0
  m_charWidthMaxAdj: 0
  m_enableWordWrapping: 1
  m_wordWrappingRatios: 0.4
  m_overflowMode: 0
  m_linkedTextComponent: {fileID: 0}
  parentLinkedComponent: {fileID: 0}
  m_enableKerning: 1
  m_enableExtraPadding: 0
  checkPaddingRequired: 0
  m_isRichText: 1
  m_parseCtrlCharacters: 1
  m_isOrthographic: 1
  m_isCullingEnabled: 0
  m_horizontalMapping: 0
  m_verticalMapping: 0
  m_uvLineOffset: 0
  m_geometrySortingOrder: 0
  m_IsTextObjectScaleStatic: 0
  m_VertexBufferAutoSizeReduction: 1
  m_useMaxVisibleDescender: 1
  m_pageToDisplay: 1
  m_margin: {x: 0, y: 0, z: 0, w: 0}
  m_isUsingLegacyAnimationComponent: 0
  m_isVolumetricText: 0
  m_hasFontAssetChanged: 0
  m_baseMaterial: {fileID: 0}
  m_maskOffset: {x: 0, y: 0, z: 0, w: 0}
--- !u!1001 &1101295866174066843
PrefabInstance:
  m_ObjectHideFlags: 0
  serializedVersion: 2
  m_Modification:
    m_TransformParent: {fileID: 951867120207482264}
    m_Modifications:
    - target: {fileID: 179335685209825070, guid: dd1d14eb6251a0d4e9ae0985d8c8f8cf, type: 3}
      propertyPath: m_AnchoredPosition.x
      value: 38.4
      objectReference: {fileID: 0}
    - target: {fileID: 179335685209825070, guid: dd1d14eb6251a0d4e9ae0985d8c8f8cf, type: 3}
      propertyPath: m_AnchoredPosition.y
      value: 90.8
      objectReference: {fileID: 0}
    - target: {fileID: 179335685916503846, guid: dd1d14eb6251a0d4e9ae0985d8c8f8cf, type: 3}
      propertyPath: m_AnchoredPosition.x
      value: -6.2
      objectReference: {fileID: 0}
    - target: {fileID: 179335685916503846, guid: dd1d14eb6251a0d4e9ae0985d8c8f8cf, type: 3}
      propertyPath: m_AnchoredPosition.y
      value: 66.7
      objectReference: {fileID: 0}
    - target: {fileID: 179335686259647001, guid: dd1d14eb6251a0d4e9ae0985d8c8f8cf, type: 3}
      propertyPath: m_AnchoredPosition.x
      value: 51
      objectReference: {fileID: 0}
    - target: {fileID: 179335686259647001, guid: dd1d14eb6251a0d4e9ae0985d8c8f8cf, type: 3}
      propertyPath: m_AnchoredPosition.y
      value: 110.3
      objectReference: {fileID: 0}
    - target: {fileID: 179335686646834740, guid: dd1d14eb6251a0d4e9ae0985d8c8f8cf, type: 3}
      propertyPath: m_AnchoredPosition.x
      value: 22.2
      objectReference: {fileID: 0}
    - target: {fileID: 179335686646834740, guid: dd1d14eb6251a0d4e9ae0985d8c8f8cf, type: 3}
      propertyPath: m_AnchoredPosition.y
      value: 88.4
      objectReference: {fileID: 0}
    - target: {fileID: 179335687110353028, guid: dd1d14eb6251a0d4e9ae0985d8c8f8cf, type: 3}
      propertyPath: m_Name
      value: active_Iteam_Ui
      objectReference: {fileID: 0}
    - target: {fileID: 179335687110353028, guid: dd1d14eb6251a0d4e9ae0985d8c8f8cf, type: 3}
      propertyPath: m_IsActive
      value: 1
      objectReference: {fileID: 0}
    - target: {fileID: 179335687110353787, guid: dd1d14eb6251a0d4e9ae0985d8c8f8cf, type: 3}
      propertyPath: m_LocalPosition.x
      value: 0
      objectReference: {fileID: 0}
    - target: {fileID: 179335687110353787, guid: dd1d14eb6251a0d4e9ae0985d8c8f8cf, type: 3}
      propertyPath: m_LocalPosition.y
      value: 0
      objectReference: {fileID: 0}
    - target: {fileID: 179335687110353787, guid: dd1d14eb6251a0d4e9ae0985d8c8f8cf, type: 3}
      propertyPath: m_LocalPosition.z
      value: 0
      objectReference: {fileID: 0}
    - target: {fileID: 179335687110353787, guid: dd1d14eb6251a0d4e9ae0985d8c8f8cf, type: 3}
      propertyPath: m_LocalRotation.x
      value: -0
      objectReference: {fileID: 0}
    - target: {fileID: 179335687110353787, guid: dd1d14eb6251a0d4e9ae0985d8c8f8cf, type: 3}
      propertyPath: m_LocalRotation.y
      value: -0
      objectReference: {fileID: 0}
    - target: {fileID: 179335687110353787, guid: dd1d14eb6251a0d4e9ae0985d8c8f8cf, type: 3}
      propertyPath: m_LocalRotation.z
      value: 1
      objectReference: {fileID: 0}
    - target: {fileID: 179335687110353787, guid: dd1d14eb6251a0d4e9ae0985d8c8f8cf, type: 3}
      propertyPath: m_LocalRotation.w
      value: -0.000001952052
      objectReference: {fileID: 0}
    - target: {fileID: 179335687110353787, guid: dd1d14eb6251a0d4e9ae0985d8c8f8cf, type: 3}
      propertyPath: m_RootOrder
      value: 8
      objectReference: {fileID: 0}
    - target: {fileID: 179335687110353787, guid: dd1d14eb6251a0d4e9ae0985d8c8f8cf, type: 3}
      propertyPath: m_LocalEulerAnglesHint.x
      value: 0
      objectReference: {fileID: 0}
    - target: {fileID: 179335687110353787, guid: dd1d14eb6251a0d4e9ae0985d8c8f8cf, type: 3}
      propertyPath: m_LocalEulerAnglesHint.y
      value: 0
      objectReference: {fileID: 0}
    - target: {fileID: 179335687110353787, guid: dd1d14eb6251a0d4e9ae0985d8c8f8cf, type: 3}
      propertyPath: m_LocalEulerAnglesHint.z
      value: -180
      objectReference: {fileID: 0}
    - target: {fileID: 179335687110353787, guid: dd1d14eb6251a0d4e9ae0985d8c8f8cf, type: 3}
      propertyPath: m_AnchoredPosition.x
      value: -722
      objectReference: {fileID: 0}
    - target: {fileID: 179335687110353787, guid: dd1d14eb6251a0d4e9ae0985d8c8f8cf, type: 3}
      propertyPath: m_AnchoredPosition.y
      value: -461
      objectReference: {fileID: 0}
    - target: {fileID: 179335687110353787, guid: dd1d14eb6251a0d4e9ae0985d8c8f8cf, type: 3}
      propertyPath: m_SizeDelta.x
      value: 308.42737
      objectReference: {fileID: 0}
    - target: {fileID: 179335687110353787, guid: dd1d14eb6251a0d4e9ae0985d8c8f8cf, type: 3}
      propertyPath: m_SizeDelta.y
      value: 172.77264
      objectReference: {fileID: 0}
    - target: {fileID: 179335687110353787, guid: dd1d14eb6251a0d4e9ae0985d8c8f8cf, type: 3}
      propertyPath: m_AnchorMin.x
      value: 0.5
      objectReference: {fileID: 0}
    - target: {fileID: 179335687110353787, guid: dd1d14eb6251a0d4e9ae0985d8c8f8cf, type: 3}
      propertyPath: m_AnchorMin.y
      value: 0.5
      objectReference: {fileID: 0}
    - target: {fileID: 179335687110353787, guid: dd1d14eb6251a0d4e9ae0985d8c8f8cf, type: 3}
      propertyPath: m_AnchorMax.x
      value: 0.5
      objectReference: {fileID: 0}
    - target: {fileID: 179335687110353787, guid: dd1d14eb6251a0d4e9ae0985d8c8f8cf, type: 3}
      propertyPath: m_AnchorMax.y
      value: 0.5
      objectReference: {fileID: 0}
    - target: {fileID: 179335687110353787, guid: dd1d14eb6251a0d4e9ae0985d8c8f8cf, type: 3}
      propertyPath: m_Pivot.x
      value: 0.5
      objectReference: {fileID: 0}
    - target: {fileID: 179335687110353787, guid: dd1d14eb6251a0d4e9ae0985d8c8f8cf, type: 3}
      propertyPath: m_Pivot.y
      value: 0.5
      objectReference: {fileID: 0}
    m_RemovedComponents: []
  m_SourcePrefab: {fileID: 100100000, guid: dd1d14eb6251a0d4e9ae0985d8c8f8cf, type: 3}
--- !u!224 &951867119751541728 stripped
RectTransform:
  m_CorrespondingSourceObject: {fileID: 179335687110353787, guid: dd1d14eb6251a0d4e9ae0985d8c8f8cf, type: 3}
  m_PrefabInstance: {fileID: 1101295866174066843}
  m_PrefabAsset: {fileID: 0}
--- !u!1001 &2812073233834157001
PrefabInstance:
  m_ObjectHideFlags: 0
  serializedVersion: 2
  m_Modification:
    m_TransformParent: {fileID: 951867120207482264}
    m_Modifications:
    - target: {fileID: 1191178150600049126, guid: 0247ff57a6489024286291de5235a941, type: 3}
      propertyPath: m_Name
      value: stats_Icon_Speed
      objectReference: {fileID: 0}
    - target: {fileID: 1191178150600049129, guid: 0247ff57a6489024286291de5235a941, type: 3}
      propertyPath: m_LocalPosition.x
      value: 0
      objectReference: {fileID: 0}
    - target: {fileID: 1191178150600049129, guid: 0247ff57a6489024286291de5235a941, type: 3}
      propertyPath: m_LocalPosition.y
      value: 0
      objectReference: {fileID: 0}
    - target: {fileID: 1191178150600049129, guid: 0247ff57a6489024286291de5235a941, type: 3}
      propertyPath: m_LocalPosition.z
      value: 0
      objectReference: {fileID: 0}
    - target: {fileID: 1191178150600049129, guid: 0247ff57a6489024286291de5235a941, type: 3}
      propertyPath: m_LocalRotation.x
      value: -0
      objectReference: {fileID: 0}
    - target: {fileID: 1191178150600049129, guid: 0247ff57a6489024286291de5235a941, type: 3}
      propertyPath: m_LocalRotation.y
      value: -0
      objectReference: {fileID: 0}
    - target: {fileID: 1191178150600049129, guid: 0247ff57a6489024286291de5235a941, type: 3}
      propertyPath: m_LocalRotation.z
      value: -0
      objectReference: {fileID: 0}
    - target: {fileID: 1191178150600049129, guid: 0247ff57a6489024286291de5235a941, type: 3}
      propertyPath: m_LocalRotation.w
      value: 1
      objectReference: {fileID: 0}
    - target: {fileID: 1191178150600049129, guid: 0247ff57a6489024286291de5235a941, type: 3}
      propertyPath: m_RootOrder
      value: 16
      objectReference: {fileID: 0}
    - target: {fileID: 1191178150600049129, guid: 0247ff57a6489024286291de5235a941, type: 3}
      propertyPath: m_LocalEulerAnglesHint.x
      value: 0
      objectReference: {fileID: 0}
    - target: {fileID: 1191178150600049129, guid: 0247ff57a6489024286291de5235a941, type: 3}
      propertyPath: m_LocalEulerAnglesHint.y
      value: 0
      objectReference: {fileID: 0}
    - target: {fileID: 1191178150600049129, guid: 0247ff57a6489024286291de5235a941, type: 3}
      propertyPath: m_LocalEulerAnglesHint.z
      value: 0
      objectReference: {fileID: 0}
    - target: {fileID: 1191178150600049129, guid: 0247ff57a6489024286291de5235a941, type: 3}
      propertyPath: m_AnchoredPosition.x
      value: -0.39990234
      objectReference: {fileID: 0}
    - target: {fileID: 1191178150600049129, guid: 0247ff57a6489024286291de5235a941, type: 3}
      propertyPath: m_AnchoredPosition.y
      value: -1
      objectReference: {fileID: 0}
    - target: {fileID: 1191178150600049129, guid: 0247ff57a6489024286291de5235a941, type: 3}
      propertyPath: m_SizeDelta.x
      value: 17.442383
      objectReference: {fileID: 0}
    - target: {fileID: 1191178150600049129, guid: 0247ff57a6489024286291de5235a941, type: 3}
      propertyPath: m_SizeDelta.y
      value: -7.715393
      objectReference: {fileID: 0}
    - target: {fileID: 1191178150600049129, guid: 0247ff57a6489024286291de5235a941, type: 3}
      propertyPath: m_AnchorMin.x
      value: 0.020520834
      objectReference: {fileID: 0}
    - target: {fileID: 1191178150600049129, guid: 0247ff57a6489024286291de5235a941, type: 3}
      propertyPath: m_AnchorMin.y
      value: 0.5
      objectReference: {fileID: 0}
    - target: {fileID: 1191178150600049129, guid: 0247ff57a6489024286291de5235a941, type: 3}
      propertyPath: m_AnchorMax.x
      value: 0.038191073
      objectReference: {fileID: 0}
    - target: {fileID: 1191178150600049129, guid: 0247ff57a6489024286291de5235a941, type: 3}
      propertyPath: m_AnchorMax.y
      value: 0.5553703
      objectReference: {fileID: 0}
    - target: {fileID: 1191178150600049129, guid: 0247ff57a6489024286291de5235a941, type: 3}
      propertyPath: m_Pivot.x
      value: 0.5
      objectReference: {fileID: 0}
    - target: {fileID: 1191178150600049129, guid: 0247ff57a6489024286291de5235a941, type: 3}
      propertyPath: m_Pivot.y
      value: 0.5
      objectReference: {fileID: 0}
    m_RemovedComponents: []
  m_SourcePrefab: {fileID: 100100000, guid: 0247ff57a6489024286291de5235a941, type: 3}
--- !u!224 &3999644531026338336 stripped
RectTransform:
  m_CorrespondingSourceObject: {fileID: 1191178150600049129, guid: 0247ff57a6489024286291de5235a941, type: 3}
  m_PrefabInstance: {fileID: 2812073233834157001}
  m_PrefabAsset: {fileID: 0}
--- !u!1001 &3320876577922754137
PrefabInstance:
  m_ObjectHideFlags: 0
  serializedVersion: 2
  m_Modification:
    m_TransformParent: {fileID: 951867120207482264}
    m_Modifications:
    - target: {fileID: 1844092267481420382, guid: 1c51bade7fadf9a40a9e427a96ef9c59, type: 3}
      propertyPath: m_LocalPosition.x
      value: 0
      objectReference: {fileID: 0}
    - target: {fileID: 1844092267481420382, guid: 1c51bade7fadf9a40a9e427a96ef9c59, type: 3}
      propertyPath: m_LocalPosition.y
      value: 0
      objectReference: {fileID: 0}
    - target: {fileID: 1844092267481420382, guid: 1c51bade7fadf9a40a9e427a96ef9c59, type: 3}
      propertyPath: m_LocalPosition.z
      value: 0
      objectReference: {fileID: 0}
    - target: {fileID: 1844092267481420382, guid: 1c51bade7fadf9a40a9e427a96ef9c59, type: 3}
      propertyPath: m_LocalRotation.x
      value: -0
      objectReference: {fileID: 0}
    - target: {fileID: 1844092267481420382, guid: 1c51bade7fadf9a40a9e427a96ef9c59, type: 3}
      propertyPath: m_LocalRotation.y
      value: -0
      objectReference: {fileID: 0}
    - target: {fileID: 1844092267481420382, guid: 1c51bade7fadf9a40a9e427a96ef9c59, type: 3}
      propertyPath: m_LocalRotation.z
      value: -0
      objectReference: {fileID: 0}
    - target: {fileID: 1844092267481420382, guid: 1c51bade7fadf9a40a9e427a96ef9c59, type: 3}
      propertyPath: m_LocalRotation.w
      value: 1
      objectReference: {fileID: 0}
    - target: {fileID: 1844092267481420382, guid: 1c51bade7fadf9a40a9e427a96ef9c59, type: 3}
      propertyPath: m_RootOrder
      value: 14
      objectReference: {fileID: 0}
    - target: {fileID: 1844092267481420382, guid: 1c51bade7fadf9a40a9e427a96ef9c59, type: 3}
      propertyPath: m_LocalEulerAnglesHint.x
      value: 0
      objectReference: {fileID: 0}
    - target: {fileID: 1844092267481420382, guid: 1c51bade7fadf9a40a9e427a96ef9c59, type: 3}
      propertyPath: m_LocalEulerAnglesHint.y
      value: 0
      objectReference: {fileID: 0}
    - target: {fileID: 1844092267481420382, guid: 1c51bade7fadf9a40a9e427a96ef9c59, type: 3}
      propertyPath: m_LocalEulerAnglesHint.z
      value: 0
      objectReference: {fileID: 0}
    - target: {fileID: 1844092267481420382, guid: 1c51bade7fadf9a40a9e427a96ef9c59, type: 3}
      propertyPath: m_AnchoredPosition.x
      value: 6.435547
      objectReference: {fileID: 0}
    - target: {fileID: 1844092267481420382, guid: 1c51bade7fadf9a40a9e427a96ef9c59, type: 3}
      propertyPath: m_AnchoredPosition.y
      value: 29.522339
      objectReference: {fileID: 0}
    - target: {fileID: 1844092267481420382, guid: 1c51bade7fadf9a40a9e427a96ef9c59, type: 3}
      propertyPath: m_SizeDelta.x
      value: 16.442383
      objectReference: {fileID: 0}
    - target: {fileID: 1844092267481420382, guid: 1c51bade7fadf9a40a9e427a96ef9c59, type: 3}
      propertyPath: m_SizeDelta.y
      value: 50.284607
      objectReference: {fileID: 0}
    - target: {fileID: 1844092267481420382, guid: 1c51bade7fadf9a40a9e427a96ef9c59, type: 3}
      propertyPath: m_AnchorMin.x
      value: 0.020520834
      objectReference: {fileID: 0}
    - target: {fileID: 1844092267481420382, guid: 1c51bade7fadf9a40a9e427a96ef9c59, type: 3}
      propertyPath: m_AnchorMin.y
      value: 0.629
      objectReference: {fileID: 0}
    - target: {fileID: 1844092267481420382, guid: 1c51bade7fadf9a40a9e427a96ef9c59, type: 3}
      propertyPath: m_AnchorMax.x
      value: 0.038191073
      objectReference: {fileID: 0}
    - target: {fileID: 1844092267481420382, guid: 1c51bade7fadf9a40a9e427a96ef9c59, type: 3}
      propertyPath: m_AnchorMax.y
      value: 0.629
      objectReference: {fileID: 0}
    - target: {fileID: 1844092267481420382, guid: 1c51bade7fadf9a40a9e427a96ef9c59, type: 3}
      propertyPath: m_Pivot.x
      value: 0.5
      objectReference: {fileID: 0}
    - target: {fileID: 1844092267481420382, guid: 1c51bade7fadf9a40a9e427a96ef9c59, type: 3}
      propertyPath: m_Pivot.y
      value: 0.5
      objectReference: {fileID: 0}
    - target: {fileID: 1844092267481420383, guid: 1c51bade7fadf9a40a9e427a96ef9c59, type: 3}
      propertyPath: m_Name
      value: stats_Icon_Brain
      objectReference: {fileID: 0}
    m_RemovedComponents: []
  m_SourcePrefab: {fileID: 100100000, guid: 1c51bade7fadf9a40a9e427a96ef9c59, type: 3}
--- !u!224 &3999644531808433159 stripped
RectTransform:
  m_CorrespondingSourceObject: {fileID: 1844092267481420382, guid: 1c51bade7fadf9a40a9e427a96ef9c59, type: 3}
  m_PrefabInstance: {fileID: 3320876577922754137}
  m_PrefabAsset: {fileID: 0}
--- !u!1001 &3336708166713148708
PrefabInstance:
  m_ObjectHideFlags: 0
  serializedVersion: 2
  m_Modification:
    m_TransformParent: {fileID: 951867120207482264}
    m_Modifications:
    - target: {fileID: 2556892833968254548, guid: bdcd0b171a6869b4e86a48d71fc8c56c, type: 3}
      propertyPath: m_Name
      value: Player_Hp
      objectReference: {fileID: 0}
    - target: {fileID: 2556892833968254548, guid: bdcd0b171a6869b4e86a48d71fc8c56c, type: 3}
      propertyPath: m_IsActive
      value: 1
      objectReference: {fileID: 0}
    - target: {fileID: 2556892833968254549, guid: bdcd0b171a6869b4e86a48d71fc8c56c, type: 3}
      propertyPath: m_LocalPosition.x
      value: 0
      objectReference: {fileID: 0}
    - target: {fileID: 2556892833968254549, guid: bdcd0b171a6869b4e86a48d71fc8c56c, type: 3}
      propertyPath: m_LocalPosition.y
      value: 0
      objectReference: {fileID: 0}
    - target: {fileID: 2556892833968254549, guid: bdcd0b171a6869b4e86a48d71fc8c56c, type: 3}
      propertyPath: m_LocalPosition.z
      value: 0
      objectReference: {fileID: 0}
    - target: {fileID: 2556892833968254549, guid: bdcd0b171a6869b4e86a48d71fc8c56c, type: 3}
      propertyPath: m_LocalRotation.x
      value: 0
      objectReference: {fileID: 0}
    - target: {fileID: 2556892833968254549, guid: bdcd0b171a6869b4e86a48d71fc8c56c, type: 3}
      propertyPath: m_LocalRotation.y
      value: 0
      objectReference: {fileID: 0}
    - target: {fileID: 2556892833968254549, guid: bdcd0b171a6869b4e86a48d71fc8c56c, type: 3}
      propertyPath: m_LocalRotation.z
      value: 0
      objectReference: {fileID: 0}
    - target: {fileID: 2556892833968254549, guid: bdcd0b171a6869b4e86a48d71fc8c56c, type: 3}
      propertyPath: m_LocalRotation.w
      value: 1
      objectReference: {fileID: 0}
    - target: {fileID: 2556892833968254549, guid: bdcd0b171a6869b4e86a48d71fc8c56c, type: 3}
      propertyPath: m_RootOrder
      value: 6
      objectReference: {fileID: 0}
    - target: {fileID: 2556892833968254549, guid: bdcd0b171a6869b4e86a48d71fc8c56c, type: 3}
      propertyPath: m_LocalEulerAnglesHint.x
      value: 0
      objectReference: {fileID: 0}
    - target: {fileID: 2556892833968254549, guid: bdcd0b171a6869b4e86a48d71fc8c56c, type: 3}
      propertyPath: m_LocalEulerAnglesHint.y
      value: 0
      objectReference: {fileID: 0}
    - target: {fileID: 2556892833968254549, guid: bdcd0b171a6869b4e86a48d71fc8c56c, type: 3}
      propertyPath: m_LocalEulerAnglesHint.z
      value: 0
      objectReference: {fileID: 0}
    - target: {fileID: 2556892833968254549, guid: bdcd0b171a6869b4e86a48d71fc8c56c, type: 3}
      propertyPath: m_AnchoredPosition.x
      value: 14.8
      objectReference: {fileID: 0}
    - target: {fileID: 2556892833968254549, guid: bdcd0b171a6869b4e86a48d71fc8c56c, type: 3}
      propertyPath: m_AnchoredPosition.y
      value: 474
      objectReference: {fileID: 0}
    - target: {fileID: 2556892833968254549, guid: bdcd0b171a6869b4e86a48d71fc8c56c, type: 3}
      propertyPath: m_SizeDelta.x
      value: 546.64307
      objectReference: {fileID: 0}
    - target: {fileID: 2556892833968254549, guid: bdcd0b171a6869b4e86a48d71fc8c56c, type: 3}
      propertyPath: m_SizeDelta.y
      value: 100
      objectReference: {fileID: 0}
    - target: {fileID: 2556892833968254549, guid: bdcd0b171a6869b4e86a48d71fc8c56c, type: 3}
      propertyPath: m_AnchorMin.x
      value: 0.5
      objectReference: {fileID: 0}
    - target: {fileID: 2556892833968254549, guid: bdcd0b171a6869b4e86a48d71fc8c56c, type: 3}
      propertyPath: m_AnchorMin.y
      value: 0.5
      objectReference: {fileID: 0}
    - target: {fileID: 2556892833968254549, guid: bdcd0b171a6869b4e86a48d71fc8c56c, type: 3}
      propertyPath: m_AnchorMax.x
      value: 0.5
      objectReference: {fileID: 0}
    - target: {fileID: 2556892833968254549, guid: bdcd0b171a6869b4e86a48d71fc8c56c, type: 3}
      propertyPath: m_AnchorMax.y
      value: 0.5
      objectReference: {fileID: 0}
    - target: {fileID: 2556892833968254549, guid: bdcd0b171a6869b4e86a48d71fc8c56c, type: 3}
      propertyPath: m_Pivot.x
      value: 0.5
      objectReference: {fileID: 0}
    - target: {fileID: 2556892833968254549, guid: bdcd0b171a6869b4e86a48d71fc8c56c, type: 3}
      propertyPath: m_Pivot.y
      value: 0.5
      objectReference: {fileID: 0}
    m_RemovedComponents: []
  m_SourcePrefab: {fileID: 100100000, guid: bdcd0b171a6869b4e86a48d71fc8c56c, type: 3}
--- !u!224 &951867120881134449 stripped
RectTransform:
  m_CorrespondingSourceObject: {fileID: 2556892833968254549, guid: bdcd0b171a6869b4e86a48d71fc8c56c, type: 3}
  m_PrefabInstance: {fileID: 3336708166713148708}
  m_PrefabAsset: {fileID: 0}
--- !u!1001 &3999644530999951663
PrefabInstance:
  m_ObjectHideFlags: 0
  serializedVersion: 2
  m_Modification:
    m_TransformParent: {fileID: 951867120207482264}
    m_Modifications:
    - target: {fileID: 166612591597159350, guid: 643b1a7b52b4ca04eb4fe3e047a9a80d, type: 3}
      propertyPath: m_AnchoredPosition.x
      value: -1.4200134
      objectReference: {fileID: 0}
    - target: {fileID: 2572387932476839106, guid: 643b1a7b52b4ca04eb4fe3e047a9a80d, type: 3}
      propertyPath: m_Name
      value: Gun_Box_Knife
      objectReference: {fileID: 0}
    - target: {fileID: 4829182064139378675, guid: 643b1a7b52b4ca04eb4fe3e047a9a80d, type: 3}
      propertyPath: m_LocalPosition.x
      value: 0
      objectReference: {fileID: 0}
    - target: {fileID: 4829182064139378675, guid: 643b1a7b52b4ca04eb4fe3e047a9a80d, type: 3}
      propertyPath: m_LocalPosition.y
      value: 0
      objectReference: {fileID: 0}
    - target: {fileID: 4829182064139378675, guid: 643b1a7b52b4ca04eb4fe3e047a9a80d, type: 3}
      propertyPath: m_LocalPosition.z
      value: 0
      objectReference: {fileID: 0}
    - target: {fileID: 4829182064139378675, guid: 643b1a7b52b4ca04eb4fe3e047a9a80d, type: 3}
      propertyPath: m_LocalRotation.x
      value: -0
      objectReference: {fileID: 0}
    - target: {fileID: 4829182064139378675, guid: 643b1a7b52b4ca04eb4fe3e047a9a80d, type: 3}
      propertyPath: m_LocalRotation.y
      value: -0
      objectReference: {fileID: 0}
    - target: {fileID: 4829182064139378675, guid: 643b1a7b52b4ca04eb4fe3e047a9a80d, type: 3}
      propertyPath: m_LocalRotation.z
      value: -0
      objectReference: {fileID: 0}
    - target: {fileID: 4829182064139378675, guid: 643b1a7b52b4ca04eb4fe3e047a9a80d, type: 3}
      propertyPath: m_LocalRotation.w
      value: 1
      objectReference: {fileID: 0}
    - target: {fileID: 4829182064139378675, guid: 643b1a7b52b4ca04eb4fe3e047a9a80d, type: 3}
      propertyPath: m_RootOrder
      value: 5
      objectReference: {fileID: 0}
    - target: {fileID: 4829182064139378675, guid: 643b1a7b52b4ca04eb4fe3e047a9a80d, type: 3}
      propertyPath: m_LocalEulerAnglesHint.x
      value: 0
      objectReference: {fileID: 0}
    - target: {fileID: 4829182064139378675, guid: 643b1a7b52b4ca04eb4fe3e047a9a80d, type: 3}
      propertyPath: m_LocalEulerAnglesHint.y
      value: 0
      objectReference: {fileID: 0}
    - target: {fileID: 4829182064139378675, guid: 643b1a7b52b4ca04eb4fe3e047a9a80d, type: 3}
      propertyPath: m_LocalEulerAnglesHint.z
      value: 0
      objectReference: {fileID: 0}
    - target: {fileID: 4829182064139378675, guid: 643b1a7b52b4ca04eb4fe3e047a9a80d, type: 3}
      propertyPath: m_AnchoredPosition.x
      value: 22
      objectReference: {fileID: 0}
    - target: {fileID: 4829182064139378675, guid: 643b1a7b52b4ca04eb4fe3e047a9a80d, type: 3}
      propertyPath: m_AnchoredPosition.y
      value: 8
      objectReference: {fileID: 0}
    - target: {fileID: 4829182064139378675, guid: 643b1a7b52b4ca04eb4fe3e047a9a80d, type: 3}
      propertyPath: m_SizeDelta.x
      value: 18.700806
      objectReference: {fileID: 0}
    - target: {fileID: 4829182064139378675, guid: 643b1a7b52b4ca04eb4fe3e047a9a80d, type: 3}
      propertyPath: m_SizeDelta.y
      value: 15.999756
      objectReference: {fileID: 0}
    - target: {fileID: 4829182064139378675, guid: 643b1a7b52b4ca04eb4fe3e047a9a80d, type: 3}
      propertyPath: m_AnchorMin.x
      value: 0.79800004
      objectReference: {fileID: 0}
    - target: {fileID: 4829182064139378675, guid: 643b1a7b52b4ca04eb4fe3e047a9a80d, type: 3}
      propertyPath: m_AnchorMin.y
      value: 0.04451852
      objectReference: {fileID: 0}
    - target: {fileID: 4829182064139378675, guid: 643b1a7b52b4ca04eb4fe3e047a9a80d, type: 3}
      propertyPath: m_AnchorMax.x
      value: 0.9547708
      objectReference: {fileID: 0}
    - target: {fileID: 4829182064139378675, guid: 643b1a7b52b4ca04eb4fe3e047a9a80d, type: 3}
      propertyPath: m_AnchorMax.y
      value: 0.15114816
      objectReference: {fileID: 0}
    - target: {fileID: 4829182064139378675, guid: 643b1a7b52b4ca04eb4fe3e047a9a80d, type: 3}
      propertyPath: m_Pivot.x
      value: 0.5
      objectReference: {fileID: 0}
    - target: {fileID: 4829182064139378675, guid: 643b1a7b52b4ca04eb4fe3e047a9a80d, type: 3}
      propertyPath: m_Pivot.y
      value: 0.5
      objectReference: {fileID: 0}
    - target: {fileID: 5567768040199537423, guid: 643b1a7b52b4ca04eb4fe3e047a9a80d, type: 3}
      propertyPath: m_AnchoredPosition.y
      value: -0.2000122
      objectReference: {fileID: 0}
    - target: {fileID: 6856351216369544075, guid: 643b1a7b52b4ca04eb4fe3e047a9a80d, type: 3}
      propertyPath: m_AnchoredPosition.x
      value: -13.399994
      objectReference: {fileID: 0}
    - target: {fileID: 6919763088574677586, guid: 643b1a7b52b4ca04eb4fe3e047a9a80d, type: 3}
      propertyPath: m_AnchoredPosition.x
      value: 12.200012
      objectReference: {fileID: 0}
    m_RemovedComponents: []
  m_SourcePrefab: {fileID: 100100000, guid: 643b1a7b52b4ca04eb4fe3e047a9a80d, type: 3}
--- !u!224 &8396156674978684636 stripped
RectTransform:
  m_CorrespondingSourceObject: {fileID: 4829182064139378675, guid: 643b1a7b52b4ca04eb4fe3e047a9a80d, type: 3}
  m_PrefabInstance: {fileID: 3999644530999951663}
  m_PrefabAsset: {fileID: 0}
--- !u!1001 &3999644531012848183
PrefabInstance:
  m_ObjectHideFlags: 0
  serializedVersion: 2
  m_Modification:
    m_TransformParent: {fileID: 951867120207482264}
    m_Modifications:
    - target: {fileID: 2270474023076510279, guid: 238dfd7a87292b94eb27d3ce9a3d4cd8, type: 3}
      propertyPath: m_AnchoredPosition.x
      value: -1.4199219
      objectReference: {fileID: 0}
    - target: {fileID: 2270474023076510279, guid: 238dfd7a87292b94eb27d3ce9a3d4cd8, type: 3}
      propertyPath: m_AnchoredPosition.y
      value: -0.69921875
      objectReference: {fileID: 0}
    - target: {fileID: 2517996646274185093, guid: 238dfd7a87292b94eb27d3ce9a3d4cd8, type: 3}
      propertyPath: m_LocalPosition.x
      value: 0
      objectReference: {fileID: 0}
    - target: {fileID: 2517996646274185093, guid: 238dfd7a87292b94eb27d3ce9a3d4cd8, type: 3}
      propertyPath: m_LocalPosition.y
      value: 0
      objectReference: {fileID: 0}
    - target: {fileID: 2517996646274185093, guid: 238dfd7a87292b94eb27d3ce9a3d4cd8, type: 3}
      propertyPath: m_LocalPosition.z
      value: 0
      objectReference: {fileID: 0}
    - target: {fileID: 2517996646274185093, guid: 238dfd7a87292b94eb27d3ce9a3d4cd8, type: 3}
      propertyPath: m_LocalRotation.x
      value: -0
      objectReference: {fileID: 0}
    - target: {fileID: 2517996646274185093, guid: 238dfd7a87292b94eb27d3ce9a3d4cd8, type: 3}
      propertyPath: m_LocalRotation.y
      value: -0
      objectReference: {fileID: 0}
    - target: {fileID: 2517996646274185093, guid: 238dfd7a87292b94eb27d3ce9a3d4cd8, type: 3}
      propertyPath: m_LocalRotation.z
      value: -0
      objectReference: {fileID: 0}
    - target: {fileID: 2517996646274185093, guid: 238dfd7a87292b94eb27d3ce9a3d4cd8, type: 3}
      propertyPath: m_LocalRotation.w
      value: 1
      objectReference: {fileID: 0}
    - target: {fileID: 2517996646274185093, guid: 238dfd7a87292b94eb27d3ce9a3d4cd8, type: 3}
      propertyPath: m_RootOrder
      value: 2
      objectReference: {fileID: 0}
    - target: {fileID: 2517996646274185093, guid: 238dfd7a87292b94eb27d3ce9a3d4cd8, type: 3}
      propertyPath: m_LocalEulerAnglesHint.x
      value: 0
      objectReference: {fileID: 0}
    - target: {fileID: 2517996646274185093, guid: 238dfd7a87292b94eb27d3ce9a3d4cd8, type: 3}
      propertyPath: m_LocalEulerAnglesHint.y
      value: 0
      objectReference: {fileID: 0}
    - target: {fileID: 2517996646274185093, guid: 238dfd7a87292b94eb27d3ce9a3d4cd8, type: 3}
      propertyPath: m_LocalEulerAnglesHint.z
      value: 0
      objectReference: {fileID: 0}
    - target: {fileID: 2517996646274185093, guid: 238dfd7a87292b94eb27d3ce9a3d4cd8, type: 3}
      propertyPath: m_AnchoredPosition.x
      value: 34
      objectReference: {fileID: 0}
    - target: {fileID: 2517996646274185093, guid: 238dfd7a87292b94eb27d3ce9a3d4cd8, type: 3}
      propertyPath: m_AnchoredPosition.y
      value: 617.68005
      objectReference: {fileID: 0}
    - target: {fileID: 2517996646274185093, guid: 238dfd7a87292b94eb27d3ce9a3d4cd8, type: 3}
      propertyPath: m_SizeDelta.x
      value: 18.700806
      objectReference: {fileID: 0}
    - target: {fileID: 2517996646274185093, guid: 238dfd7a87292b94eb27d3ce9a3d4cd8, type: 3}
      propertyPath: m_SizeDelta.y
      value: 15.999756
      objectReference: {fileID: 0}
    - target: {fileID: 2517996646274185093, guid: 238dfd7a87292b94eb27d3ce9a3d4cd8, type: 3}
      propertyPath: m_AnchorMin.x
      value: 0.79800004
      objectReference: {fileID: 0}
    - target: {fileID: 2517996646274185093, guid: 238dfd7a87292b94eb27d3ce9a3d4cd8, type: 3}
      propertyPath: m_AnchorMin.y
      value: 0.04451852
      objectReference: {fileID: 0}
    - target: {fileID: 2517996646274185093, guid: 238dfd7a87292b94eb27d3ce9a3d4cd8, type: 3}
      propertyPath: m_AnchorMax.x
      value: 0.9547708
      objectReference: {fileID: 0}
    - target: {fileID: 2517996646274185093, guid: 238dfd7a87292b94eb27d3ce9a3d4cd8, type: 3}
      propertyPath: m_AnchorMax.y
      value: 0.15114816
      objectReference: {fileID: 0}
    - target: {fileID: 2517996646274185093, guid: 238dfd7a87292b94eb27d3ce9a3d4cd8, type: 3}
      propertyPath: m_Pivot.x
      value: 0.5
      objectReference: {fileID: 0}
    - target: {fileID: 2517996646274185093, guid: 238dfd7a87292b94eb27d3ce9a3d4cd8, type: 3}
      propertyPath: m_Pivot.y
      value: 0.5
      objectReference: {fileID: 0}
    - target: {fileID: 2918087573695784618, guid: 238dfd7a87292b94eb27d3ce9a3d4cd8, type: 3}
      propertyPath: m_AnchoredPosition.x
      value: 73.140625
      objectReference: {fileID: 0}
    - target: {fileID: 3220536160042806137, guid: 238dfd7a87292b94eb27d3ce9a3d4cd8, type: 3}
      propertyPath: m_AnchoredPosition.y
      value: -0.19921875
      objectReference: {fileID: 0}
    - target: {fileID: 3220536160042806137, guid: 238dfd7a87292b94eb27d3ce9a3d4cd8, type: 3}
      propertyPath: m_AnchoredPosition.x
      value: 0.005859375
      objectReference: {fileID: 0}
    - target: {fileID: 3346330518441043863, guid: 238dfd7a87292b94eb27d3ce9a3d4cd8, type: 3}
      propertyPath: m_AnchoredPosition.y
      value: -1.3007812
      objectReference: {fileID: 0}
    - target: {fileID: 4130554209076914614, guid: 238dfd7a87292b94eb27d3ce9a3d4cd8, type: 3}
      propertyPath: m_AnchoredPosition.x
      value: -1.4200134
      objectReference: {fileID: 0}
    - target: {fileID: 4527151172300899325, guid: 238dfd7a87292b94eb27d3ce9a3d4cd8, type: 3}
      propertyPath: m_AnchoredPosition.y
      value: 0.40625
      objectReference: {fileID: 0}
    - target: {fileID: 4527151172300899325, guid: 238dfd7a87292b94eb27d3ce9a3d4cd8, type: 3}
      propertyPath: m_AnchoredPosition.x
      value: -16.90625
      objectReference: {fileID: 0}
    - target: {fileID: 4776065384139963572, guid: 238dfd7a87292b94eb27d3ce9a3d4cd8, type: 3}
      propertyPath: m_Name
      value: Gun_Box_Rpd
      objectReference: {fileID: 0}
    - target: {fileID: 6063509825487581591, guid: 238dfd7a87292b94eb27d3ce9a3d4cd8, type: 3}
      propertyPath: m_AnchoredPosition.x
      value: 0.19921875
      objectReference: {fileID: 0}
    - target: {fileID: 6063509825487581591, guid: 238dfd7a87292b94eb27d3ce9a3d4cd8, type: 3}
      propertyPath: m_AnchoredPosition.y
      value: -1.1992188
      objectReference: {fileID: 0}
    - target: {fileID: 9001425926610401700, guid: 238dfd7a87292b94eb27d3ce9a3d4cd8, type: 3}
      propertyPath: m_AnchoredPosition.x
      value: -107.16016
      objectReference: {fileID: 0}
    - target: {fileID: 9001425926610401700, guid: 238dfd7a87292b94eb27d3ce9a3d4cd8, type: 3}
      propertyPath: m_AnchoredPosition.y
      value: -27.960938
      objectReference: {fileID: 0}
    - target: {fileID: 9114921278340376836, guid: 238dfd7a87292b94eb27d3ce9a3d4cd8, type: 3}
      propertyPath: m_AnchoredPosition.x
      value: 18.290009
      objectReference: {fileID: 0}
    - target: {fileID: 9114921278340376836, guid: 238dfd7a87292b94eb27d3ce9a3d4cd8, type: 3}
      propertyPath: m_AnchoredPosition.y
      value: -3.2519073
      objectReference: {fileID: 0}
    m_RemovedComponents: []
  m_SourcePrefab: {fileID: 100100000, guid: 238dfd7a87292b94eb27d3ce9a3d4cd8, type: 3}
--- !u!224 &1544786458019560882 stripped
RectTransform:
  m_CorrespondingSourceObject: {fileID: 2517996646274185093, guid: 238dfd7a87292b94eb27d3ce9a3d4cd8, type: 3}
  m_PrefabInstance: {fileID: 3999644531012848183}
  m_PrefabAsset: {fileID: 0}
--- !u!1001 &3999644531138470808
PrefabInstance:
  m_ObjectHideFlags: 0
  serializedVersion: 2
  m_Modification:
    m_TransformParent: {fileID: 951867120207482264}
    m_Modifications:
    - target: {fileID: 1357738690822064136, guid: 394543b66ead1b447b7c749564eef340, type: 3}
      propertyPath: m_LocalPosition.x
      value: 0
      objectReference: {fileID: 0}
    - target: {fileID: 1357738690822064136, guid: 394543b66ead1b447b7c749564eef340, type: 3}
      propertyPath: m_LocalPosition.y
      value: 0
      objectReference: {fileID: 0}
    - target: {fileID: 1357738690822064136, guid: 394543b66ead1b447b7c749564eef340, type: 3}
      propertyPath: m_LocalPosition.z
      value: 0
      objectReference: {fileID: 0}
    - target: {fileID: 1357738690822064136, guid: 394543b66ead1b447b7c749564eef340, type: 3}
      propertyPath: m_LocalRotation.x
      value: -0
      objectReference: {fileID: 0}
    - target: {fileID: 1357738690822064136, guid: 394543b66ead1b447b7c749564eef340, type: 3}
      propertyPath: m_LocalRotation.y
      value: -0
      objectReference: {fileID: 0}
    - target: {fileID: 1357738690822064136, guid: 394543b66ead1b447b7c749564eef340, type: 3}
      propertyPath: m_LocalRotation.z
      value: -0
      objectReference: {fileID: 0}
    - target: {fileID: 1357738690822064136, guid: 394543b66ead1b447b7c749564eef340, type: 3}
      propertyPath: m_LocalRotation.w
      value: 1
      objectReference: {fileID: 0}
    - target: {fileID: 1357738690822064136, guid: 394543b66ead1b447b7c749564eef340, type: 3}
      propertyPath: m_RootOrder
      value: 0
      objectReference: {fileID: 0}
    - target: {fileID: 1357738690822064136, guid: 394543b66ead1b447b7c749564eef340, type: 3}
      propertyPath: m_LocalEulerAnglesHint.x
      value: 0
      objectReference: {fileID: 0}
    - target: {fileID: 1357738690822064136, guid: 394543b66ead1b447b7c749564eef340, type: 3}
      propertyPath: m_LocalEulerAnglesHint.y
      value: 0
      objectReference: {fileID: 0}
    - target: {fileID: 1357738690822064136, guid: 394543b66ead1b447b7c749564eef340, type: 3}
      propertyPath: m_LocalEulerAnglesHint.z
      value: 0
      objectReference: {fileID: 0}
    - target: {fileID: 1357738690822064136, guid: 394543b66ead1b447b7c749564eef340, type: 3}
      propertyPath: m_AnchoredPosition.x
      value: -641
      objectReference: {fileID: 0}
    - target: {fileID: 1357738690822064136, guid: 394543b66ead1b447b7c749564eef340, type: 3}
      propertyPath: m_AnchoredPosition.y
      value: 0
      objectReference: {fileID: 0}
    - target: {fileID: 1357738690822064136, guid: 394543b66ead1b447b7c749564eef340, type: 3}
      propertyPath: m_SizeDelta.x
      value: 18.700806
      objectReference: {fileID: 0}
    - target: {fileID: 1357738690822064136, guid: 394543b66ead1b447b7c749564eef340, type: 3}
      propertyPath: m_SizeDelta.y
      value: 15.999756
      objectReference: {fileID: 0}
    - target: {fileID: 1357738690822064136, guid: 394543b66ead1b447b7c749564eef340, type: 3}
      propertyPath: m_AnchorMin.x
      value: 0.79800004
      objectReference: {fileID: 0}
    - target: {fileID: 1357738690822064136, guid: 394543b66ead1b447b7c749564eef340, type: 3}
      propertyPath: m_AnchorMin.y
      value: 0.04451852
      objectReference: {fileID: 0}
    - target: {fileID: 1357738690822064136, guid: 394543b66ead1b447b7c749564eef340, type: 3}
      propertyPath: m_AnchorMax.x
      value: 0.9547708
      objectReference: {fileID: 0}
    - target: {fileID: 1357738690822064136, guid: 394543b66ead1b447b7c749564eef340, type: 3}
      propertyPath: m_AnchorMax.y
      value: 0.15114816
      objectReference: {fileID: 0}
    - target: {fileID: 1357738690822064136, guid: 394543b66ead1b447b7c749564eef340, type: 3}
      propertyPath: m_Pivot.x
      value: 0.5
      objectReference: {fileID: 0}
    - target: {fileID: 1357738690822064136, guid: 394543b66ead1b447b7c749564eef340, type: 3}
      propertyPath: m_Pivot.y
      value: 0.5
      objectReference: {fileID: 0}
    - target: {fileID: 5571844370458890052, guid: 394543b66ead1b447b7c749564eef340, type: 3}
      propertyPath: m_AnchoredPosition.x
      value: -1.4200134
      objectReference: {fileID: 0}
    - target: {fileID: 8242131125762212665, guid: 394543b66ead1b447b7c749564eef340, type: 3}
      propertyPath: m_Name
      value: Gun_Box_Remington
      objectReference: {fileID: 0}
    - target: {fileID: 8242131125762212665, guid: 394543b66ead1b447b7c749564eef340, type: 3}
      propertyPath: m_IsActive
      value: 1
      objectReference: {fileID: 0}
    m_RemovedComponents: []
  m_SourcePrefab: {fileID: 100100000, guid: 394543b66ead1b447b7c749564eef340, type: 3}
--- !u!224 &2690407817618615184 stripped
RectTransform:
  m_CorrespondingSourceObject: {fileID: 1357738690822064136, guid: 394543b66ead1b447b7c749564eef340, type: 3}
  m_PrefabInstance: {fileID: 3999644531138470808}
  m_PrefabAsset: {fileID: 0}
--- !u!1001 &3999644531722732879
PrefabInstance:
  m_ObjectHideFlags: 0
  serializedVersion: 2
  m_Modification:
    m_TransformParent: {fileID: 951867120207482264}
    m_Modifications:
    - target: {fileID: 2520602606829104576, guid: 328f439db07673f49992298253d9c501, type: 3}
      propertyPath: m_Name
      value: Gun_Box_Rengo
      objectReference: {fileID: 0}
    - target: {fileID: 2520602606829104576, guid: 328f439db07673f49992298253d9c501, type: 3}
      propertyPath: m_IsActive
      value: 1
      objectReference: {fileID: 0}
    - target: {fileID: 2889155172547754521, guid: 328f439db07673f49992298253d9c501, type: 3}
      propertyPath: m_AnchoredPosition.x
      value: -1.4200134
      objectReference: {fileID: 0}
    - target: {fileID: 4777400034604312305, guid: 328f439db07673f49992298253d9c501, type: 3}
      propertyPath: m_LocalPosition.x
      value: 0
      objectReference: {fileID: 0}
    - target: {fileID: 4777400034604312305, guid: 328f439db07673f49992298253d9c501, type: 3}
      propertyPath: m_LocalPosition.y
      value: 0
      objectReference: {fileID: 0}
    - target: {fileID: 4777400034604312305, guid: 328f439db07673f49992298253d9c501, type: 3}
      propertyPath: m_LocalPosition.z
      value: 0
      objectReference: {fileID: 0}
    - target: {fileID: 4777400034604312305, guid: 328f439db07673f49992298253d9c501, type: 3}
      propertyPath: m_LocalRotation.x
      value: -0
      objectReference: {fileID: 0}
    - target: {fileID: 4777400034604312305, guid: 328f439db07673f49992298253d9c501, type: 3}
      propertyPath: m_LocalRotation.y
      value: -0
      objectReference: {fileID: 0}
    - target: {fileID: 4777400034604312305, guid: 328f439db07673f49992298253d9c501, type: 3}
      propertyPath: m_LocalRotation.z
      value: -0
      objectReference: {fileID: 0}
    - target: {fileID: 4777400034604312305, guid: 328f439db07673f49992298253d9c501, type: 3}
      propertyPath: m_LocalRotation.w
      value: 1
      objectReference: {fileID: 0}
    - target: {fileID: 4777400034604312305, guid: 328f439db07673f49992298253d9c501, type: 3}
      propertyPath: m_RootOrder
      value: 4
      objectReference: {fileID: 0}
    - target: {fileID: 4777400034604312305, guid: 328f439db07673f49992298253d9c501, type: 3}
      propertyPath: m_LocalEulerAnglesHint.x
      value: 0
      objectReference: {fileID: 0}
    - target: {fileID: 4777400034604312305, guid: 328f439db07673f49992298253d9c501, type: 3}
      propertyPath: m_LocalEulerAnglesHint.y
      value: 0
      objectReference: {fileID: 0}
    - target: {fileID: 4777400034604312305, guid: 328f439db07673f49992298253d9c501, type: 3}
      propertyPath: m_LocalEulerAnglesHint.z
      value: 0
      objectReference: {fileID: 0}
    - target: {fileID: 4777400034604312305, guid: 328f439db07673f49992298253d9c501, type: 3}
      propertyPath: m_AnchoredPosition.x
      value: 23.350342
      objectReference: {fileID: 0}
    - target: {fileID: 4777400034604312305, guid: 328f439db07673f49992298253d9c501, type: 3}
      propertyPath: m_AnchoredPosition.y
      value: 164.68005
      objectReference: {fileID: 0}
    - target: {fileID: 4777400034604312305, guid: 328f439db07673f49992298253d9c501, type: 3}
      propertyPath: m_SizeDelta.x
      value: 18.700806
      objectReference: {fileID: 0}
    - target: {fileID: 4777400034604312305, guid: 328f439db07673f49992298253d9c501, type: 3}
      propertyPath: m_SizeDelta.y
      value: 15.999756
      objectReference: {fileID: 0}
    - target: {fileID: 4777400034604312305, guid: 328f439db07673f49992298253d9c501, type: 3}
      propertyPath: m_AnchorMin.x
      value: 0.79800004
      objectReference: {fileID: 0}
    - target: {fileID: 4777400034604312305, guid: 328f439db07673f49992298253d9c501, type: 3}
      propertyPath: m_AnchorMin.y
      value: 0.04451852
      objectReference: {fileID: 0}
    - target: {fileID: 4777400034604312305, guid: 328f439db07673f49992298253d9c501, type: 3}
      propertyPath: m_AnchorMax.x
      value: 0.9547708
      objectReference: {fileID: 0}
    - target: {fileID: 4777400034604312305, guid: 328f439db07673f49992298253d9c501, type: 3}
      propertyPath: m_AnchorMax.y
      value: 0.15114816
      objectReference: {fileID: 0}
    - target: {fileID: 4777400034604312305, guid: 328f439db07673f49992298253d9c501, type: 3}
      propertyPath: m_Pivot.x
      value: 0.5
      objectReference: {fileID: 0}
    - target: {fileID: 4777400034604312305, guid: 328f439db07673f49992298253d9c501, type: 3}
      propertyPath: m_Pivot.y
      value: 0.5
      objectReference: {fileID: 0}
    - target: {fileID: 5479930828054968845, guid: 328f439db07673f49992298253d9c501, type: 3}
      propertyPath: m_AnchoredPosition.y
      value: -0.2000122
      objectReference: {fileID: 0}
    - target: {fileID: 6804561490259366537, guid: 328f439db07673f49992298253d9c501, type: 3}
      propertyPath: m_AnchoredPosition.x
      value: 0.12564087
      objectReference: {fileID: 0}
    m_RemovedComponents: []
  m_SourcePrefab: {fileID: 100100000, guid: 328f439db07673f49992298253d9c501, type: 3}
--- !u!224 &8488488734598996926 stripped
RectTransform:
  m_CorrespondingSourceObject: {fileID: 4777400034604312305, guid: 328f439db07673f49992298253d9c501, type: 3}
  m_PrefabInstance: {fileID: 3999644531722732879}
  m_PrefabAsset: {fileID: 0}
--- !u!1001 &3999644532051552155
PrefabInstance:
  m_ObjectHideFlags: 0
  serializedVersion: 2
  m_Modification:
    m_TransformParent: {fileID: 951867120207482264}
    m_Modifications:
    - target: {fileID: 867135391770143939, guid: ff7d1fb25cf3eee4abbb20ac6f819033, type: 3}
      propertyPath: m_AnchoredPosition.y
      value: 1.9483032
      objectReference: {fileID: 0}
    - target: {fileID: 1164949688916498619, guid: ff7d1fb25cf3eee4abbb20ac6f819033, type: 3}
      propertyPath: m_LocalPosition.x
      value: 0
      objectReference: {fileID: 0}
    - target: {fileID: 1164949688916498619, guid: ff7d1fb25cf3eee4abbb20ac6f819033, type: 3}
      propertyPath: m_LocalPosition.y
      value: 0
      objectReference: {fileID: 0}
    - target: {fileID: 1164949688916498619, guid: ff7d1fb25cf3eee4abbb20ac6f819033, type: 3}
      propertyPath: m_LocalPosition.z
      value: 0
      objectReference: {fileID: 0}
    - target: {fileID: 1164949688916498619, guid: ff7d1fb25cf3eee4abbb20ac6f819033, type: 3}
      propertyPath: m_LocalRotation.x
      value: -0
      objectReference: {fileID: 0}
    - target: {fileID: 1164949688916498619, guid: ff7d1fb25cf3eee4abbb20ac6f819033, type: 3}
      propertyPath: m_LocalRotation.y
      value: -0
      objectReference: {fileID: 0}
    - target: {fileID: 1164949688916498619, guid: ff7d1fb25cf3eee4abbb20ac6f819033, type: 3}
      propertyPath: m_LocalRotation.z
      value: -0
      objectReference: {fileID: 0}
    - target: {fileID: 1164949688916498619, guid: ff7d1fb25cf3eee4abbb20ac6f819033, type: 3}
      propertyPath: m_LocalRotation.w
      value: 1
      objectReference: {fileID: 0}
    - target: {fileID: 1164949688916498619, guid: ff7d1fb25cf3eee4abbb20ac6f819033, type: 3}
      propertyPath: m_RootOrder
      value: 3
      objectReference: {fileID: 0}
    - target: {fileID: 1164949688916498619, guid: ff7d1fb25cf3eee4abbb20ac6f819033, type: 3}
      propertyPath: m_LocalEulerAnglesHint.x
      value: 0
      objectReference: {fileID: 0}
    - target: {fileID: 1164949688916498619, guid: ff7d1fb25cf3eee4abbb20ac6f819033, type: 3}
      propertyPath: m_LocalEulerAnglesHint.y
      value: 0
      objectReference: {fileID: 0}
    - target: {fileID: 1164949688916498619, guid: ff7d1fb25cf3eee4abbb20ac6f819033, type: 3}
      propertyPath: m_LocalEulerAnglesHint.z
      value: 0
      objectReference: {fileID: 0}
    - target: {fileID: 1164949688916498619, guid: ff7d1fb25cf3eee4abbb20ac6f819033, type: 3}
      propertyPath: m_AnchoredPosition.x
      value: 23.350342
      objectReference: {fileID: 0}
    - target: {fileID: 1164949688916498619, guid: ff7d1fb25cf3eee4abbb20ac6f819033, type: 3}
      propertyPath: m_AnchoredPosition.y
      value: 337.68005
      objectReference: {fileID: 0}
    - target: {fileID: 1164949688916498619, guid: ff7d1fb25cf3eee4abbb20ac6f819033, type: 3}
      propertyPath: m_SizeDelta.x
      value: 18.700806
      objectReference: {fileID: 0}
    - target: {fileID: 1164949688916498619, guid: ff7d1fb25cf3eee4abbb20ac6f819033, type: 3}
      propertyPath: m_SizeDelta.y
      value: 15.999756
      objectReference: {fileID: 0}
    - target: {fileID: 1164949688916498619, guid: ff7d1fb25cf3eee4abbb20ac6f819033, type: 3}
      propertyPath: m_AnchorMin.x
      value: 0.79800004
      objectReference: {fileID: 0}
    - target: {fileID: 1164949688916498619, guid: ff7d1fb25cf3eee4abbb20ac6f819033, type: 3}
      propertyPath: m_AnchorMin.y
      value: 0.04451852
      objectReference: {fileID: 0}
    - target: {fileID: 1164949688916498619, guid: ff7d1fb25cf3eee4abbb20ac6f819033, type: 3}
      propertyPath: m_AnchorMax.x
      value: 0.9547708
      objectReference: {fileID: 0}
    - target: {fileID: 1164949688916498619, guid: ff7d1fb25cf3eee4abbb20ac6f819033, type: 3}
      propertyPath: m_AnchorMax.y
      value: 0.15114816
      objectReference: {fileID: 0}
    - target: {fileID: 1164949688916498619, guid: ff7d1fb25cf3eee4abbb20ac6f819033, type: 3}
      propertyPath: m_Pivot.x
      value: 0.5
      objectReference: {fileID: 0}
    - target: {fileID: 1164949688916498619, guid: ff7d1fb25cf3eee4abbb20ac6f819033, type: 3}
      propertyPath: m_Pivot.y
      value: 0.5
      objectReference: {fileID: 0}
    - target: {fileID: 2191748445155034183, guid: ff7d1fb25cf3eee4abbb20ac6f819033, type: 3}
      propertyPath: m_AnchoredPosition.y
      value: -0.2000122
      objectReference: {fileID: 0}
    - target: {fileID: 5597150162076377427, guid: ff7d1fb25cf3eee4abbb20ac6f819033, type: 3}
      propertyPath: m_AnchoredPosition.x
      value: -1.4200134
      objectReference: {fileID: 0}
    - target: {fileID: 7421625444771487401, guid: ff7d1fb25cf3eee4abbb20ac6f819033, type: 3}
      propertyPath: m_AnchoredPosition.y
      value: -1.1999817
      objectReference: {fileID: 0}
    - target: {fileID: 8114638958575375242, guid: ff7d1fb25cf3eee4abbb20ac6f819033, type: 3}
      propertyPath: m_Name
      value: Gun_Box_Baret
      objectReference: {fileID: 0}
    - target: {fileID: 8114638958575375242, guid: ff7d1fb25cf3eee4abbb20ac6f819033, type: 3}
      propertyPath: m_IsActive
      value: 1
      objectReference: {fileID: 0}
    m_RemovedComponents: []
  m_SourcePrefab: {fileID: 100100000, guid: ff7d1fb25cf3eee4abbb20ac6f819033, type: 3}
--- !u!224 &2858426849381711648 stripped
RectTransform:
  m_CorrespondingSourceObject: {fileID: 1164949688916498619, guid: ff7d1fb25cf3eee4abbb20ac6f819033, type: 3}
  m_PrefabInstance: {fileID: 3999644532051552155}
  m_PrefabAsset: {fileID: 0}
--- !u!1001 &3999644532604005821
PrefabInstance:
  m_ObjectHideFlags: 0
  serializedVersion: 2
  m_Modification:
    m_TransformParent: {fileID: 951867120207482264}
    m_Modifications:
    - target: {fileID: 3704679817217628418, guid: 9cb6ccf952d70a342baeea86cbc93a6b, type: 3}
      propertyPath: m_Name
      value: Gun_Box_Revolver_Ui
      objectReference: {fileID: 0}
    - target: {fileID: 5764036337600456267, guid: 9cb6ccf952d70a342baeea86cbc93a6b, type: 3}
      propertyPath: m_AnchoredPosition.x
      value: -3.9312134
      objectReference: {fileID: 0}
    - target: {fileID: 6043808812856463923, guid: 9cb6ccf952d70a342baeea86cbc93a6b, type: 3}
      propertyPath: m_LocalPosition.x
      value: 0
      objectReference: {fileID: 0}
    - target: {fileID: 6043808812856463923, guid: 9cb6ccf952d70a342baeea86cbc93a6b, type: 3}
      propertyPath: m_LocalPosition.y
      value: 0
      objectReference: {fileID: 0}
    - target: {fileID: 6043808812856463923, guid: 9cb6ccf952d70a342baeea86cbc93a6b, type: 3}
      propertyPath: m_LocalPosition.z
      value: 0
      objectReference: {fileID: 0}
    - target: {fileID: 6043808812856463923, guid: 9cb6ccf952d70a342baeea86cbc93a6b, type: 3}
      propertyPath: m_LocalRotation.x
      value: -0
      objectReference: {fileID: 0}
    - target: {fileID: 6043808812856463923, guid: 9cb6ccf952d70a342baeea86cbc93a6b, type: 3}
      propertyPath: m_LocalRotation.y
      value: -0
      objectReference: {fileID: 0}
    - target: {fileID: 6043808812856463923, guid: 9cb6ccf952d70a342baeea86cbc93a6b, type: 3}
      propertyPath: m_LocalRotation.z
      value: -0
      objectReference: {fileID: 0}
    - target: {fileID: 6043808812856463923, guid: 9cb6ccf952d70a342baeea86cbc93a6b, type: 3}
      propertyPath: m_LocalRotation.w
      value: 1
      objectReference: {fileID: 0}
    - target: {fileID: 6043808812856463923, guid: 9cb6ccf952d70a342baeea86cbc93a6b, type: 3}
      propertyPath: m_RootOrder
      value: 1
      objectReference: {fileID: 0}
    - target: {fileID: 6043808812856463923, guid: 9cb6ccf952d70a342baeea86cbc93a6b, type: 3}
      propertyPath: m_LocalEulerAnglesHint.x
      value: 0
      objectReference: {fileID: 0}
    - target: {fileID: 6043808812856463923, guid: 9cb6ccf952d70a342baeea86cbc93a6b, type: 3}
      propertyPath: m_LocalEulerAnglesHint.y
      value: 0
      objectReference: {fileID: 0}
    - target: {fileID: 6043808812856463923, guid: 9cb6ccf952d70a342baeea86cbc93a6b, type: 3}
      propertyPath: m_LocalEulerAnglesHint.z
      value: 0
      objectReference: {fileID: 0}
    - target: {fileID: 6043808812856463923, guid: 9cb6ccf952d70a342baeea86cbc93a6b, type: 3}
      propertyPath: m_AnchoredPosition.x
      value: 34
      objectReference: {fileID: 0}
    - target: {fileID: 6043808812856463923, guid: 9cb6ccf952d70a342baeea86cbc93a6b, type: 3}
      propertyPath: m_AnchoredPosition.y
      value: 748.84
      objectReference: {fileID: 0}
    - target: {fileID: 6043808812856463923, guid: 9cb6ccf952d70a342baeea86cbc93a6b, type: 3}
      propertyPath: m_SizeDelta.x
      value: 18.700806
      objectReference: {fileID: 0}
    - target: {fileID: 6043808812856463923, guid: 9cb6ccf952d70a342baeea86cbc93a6b, type: 3}
      propertyPath: m_SizeDelta.y
      value: 15.999756
      objectReference: {fileID: 0}
    - target: {fileID: 6043808812856463923, guid: 9cb6ccf952d70a342baeea86cbc93a6b, type: 3}
      propertyPath: m_AnchorMin.x
      value: 0.79800004
      objectReference: {fileID: 0}
    - target: {fileID: 6043808812856463923, guid: 9cb6ccf952d70a342baeea86cbc93a6b, type: 3}
      propertyPath: m_AnchorMin.y
      value: 0.04451852
      objectReference: {fileID: 0}
    - target: {fileID: 6043808812856463923, guid: 9cb6ccf952d70a342baeea86cbc93a6b, type: 3}
      propertyPath: m_AnchorMax.x
      value: 0.9547708
      objectReference: {fileID: 0}
    - target: {fileID: 6043808812856463923, guid: 9cb6ccf952d70a342baeea86cbc93a6b, type: 3}
      propertyPath: m_AnchorMax.y
      value: 0.15114816
      objectReference: {fileID: 0}
    - target: {fileID: 6043808812856463923, guid: 9cb6ccf952d70a342baeea86cbc93a6b, type: 3}
      propertyPath: m_Pivot.x
      value: 0.5
      objectReference: {fileID: 0}
    - target: {fileID: 6043808812856463923, guid: 9cb6ccf952d70a342baeea86cbc93a6b, type: 3}
      propertyPath: m_Pivot.y
      value: 0.5
      objectReference: {fileID: 0}
    - target: {fileID: 8508974538119621838, guid: 9cb6ccf952d70a342baeea86cbc93a6b, type: 3}
      propertyPath: m_AnchoredPosition.x
      value: -1.4200134
      objectReference: {fileID: 0}
    m_RemovedComponents: []
  m_SourcePrefab: {fileID: 100100000, guid: 9cb6ccf952d70a342baeea86cbc93a6b, type: 3}
--- !u!224 &7232353956936990606 stripped
RectTransform:
  m_CorrespondingSourceObject: {fileID: 6043808812856463923, guid: 9cb6ccf952d70a342baeea86cbc93a6b, type: 3}
  m_PrefabInstance: {fileID: 3999644532604005821}
  m_PrefabAsset: {fileID: 0}
--- !u!1001 &3999644532668284203
PrefabInstance:
  m_ObjectHideFlags: 0
  serializedVersion: 2
  m_Modification:
    m_TransformParent: {fileID: 951867120207482264}
    m_Modifications:
    - target: {fileID: 1347745653469624382, guid: 41bd46bd65d897842a0f653db503ca3d, type: 3}
      propertyPath: m_Name
      value: Gun_Box_l86
      objectReference: {fileID: 0}
    - target: {fileID: 1347745653469624382, guid: 41bd46bd65d897842a0f653db503ca3d, type: 3}
      propertyPath: m_IsActive
      value: 1
      objectReference: {fileID: 0}
    - target: {fileID: 4986262911669937089, guid: 41bd46bd65d897842a0f653db503ca3d, type: 3}
      propertyPath: m_AnchoredPosition.x
      value: -1.4200134
      objectReference: {fileID: 0}
    - target: {fileID: 7935471938484078455, guid: 41bd46bd65d897842a0f653db503ca3d, type: 3}
      propertyPath: m_AnchoredPosition.y
      value: 0
      objectReference: {fileID: 0}
    - target: {fileID: 8215235553254028047, guid: 41bd46bd65d897842a0f653db503ca3d, type: 3}
      propertyPath: m_LocalPosition.x
      value: 0
      objectReference: {fileID: 0}
    - target: {fileID: 8215235553254028047, guid: 41bd46bd65d897842a0f653db503ca3d, type: 3}
      propertyPath: m_LocalPosition.y
      value: 0
      objectReference: {fileID: 0}
    - target: {fileID: 8215235553254028047, guid: 41bd46bd65d897842a0f653db503ca3d, type: 3}
      propertyPath: m_LocalPosition.z
      value: 0
      objectReference: {fileID: 0}
    - target: {fileID: 8215235553254028047, guid: 41bd46bd65d897842a0f653db503ca3d, type: 3}
      propertyPath: m_LocalRotation.x
      value: -0
      objectReference: {fileID: 0}
    - target: {fileID: 8215235553254028047, guid: 41bd46bd65d897842a0f653db503ca3d, type: 3}
      propertyPath: m_LocalRotation.y
      value: -0
      objectReference: {fileID: 0}
    - target: {fileID: 8215235553254028047, guid: 41bd46bd65d897842a0f653db503ca3d, type: 3}
      propertyPath: m_LocalRotation.z
      value: -0
      objectReference: {fileID: 0}
    - target: {fileID: 8215235553254028047, guid: 41bd46bd65d897842a0f653db503ca3d, type: 3}
      propertyPath: m_LocalRotation.w
      value: 1
      objectReference: {fileID: 0}
    - target: {fileID: 8215235553254028047, guid: 41bd46bd65d897842a0f653db503ca3d, type: 3}
      propertyPath: m_RootOrder
      value: 11
      objectReference: {fileID: 0}
    - target: {fileID: 8215235553254028047, guid: 41bd46bd65d897842a0f653db503ca3d, type: 3}
      propertyPath: m_LocalEulerAnglesHint.x
      value: 0
      objectReference: {fileID: 0}
    - target: {fileID: 8215235553254028047, guid: 41bd46bd65d897842a0f653db503ca3d, type: 3}
      propertyPath: m_LocalEulerAnglesHint.y
      value: 0
      objectReference: {fileID: 0}
    - target: {fileID: 8215235553254028047, guid: 41bd46bd65d897842a0f653db503ca3d, type: 3}
      propertyPath: m_LocalEulerAnglesHint.z
      value: 0
      objectReference: {fileID: 0}
    - target: {fileID: 8215235553254028047, guid: 41bd46bd65d897842a0f653db503ca3d, type: 3}
      propertyPath: m_AnchoredPosition.x
      value: -297.7
      objectReference: {fileID: 0}
    - target: {fileID: 8215235553254028047, guid: 41bd46bd65d897842a0f653db503ca3d, type: 3}
      propertyPath: m_AnchoredPosition.y
      value: 8
      objectReference: {fileID: 0}
    - target: {fileID: 8215235553254028047, guid: 41bd46bd65d897842a0f653db503ca3d, type: 3}
      propertyPath: m_SizeDelta.x
      value: 18.700806
      objectReference: {fileID: 0}
    - target: {fileID: 8215235553254028047, guid: 41bd46bd65d897842a0f653db503ca3d, type: 3}
      propertyPath: m_SizeDelta.y
      value: 15.999756
      objectReference: {fileID: 0}
    - target: {fileID: 8215235553254028047, guid: 41bd46bd65d897842a0f653db503ca3d, type: 3}
      propertyPath: m_AnchorMin.x
      value: 0.79800004
      objectReference: {fileID: 0}
    - target: {fileID: 8215235553254028047, guid: 41bd46bd65d897842a0f653db503ca3d, type: 3}
      propertyPath: m_AnchorMin.y
      value: 0.04451852
      objectReference: {fileID: 0}
    - target: {fileID: 8215235553254028047, guid: 41bd46bd65d897842a0f653db503ca3d, type: 3}
      propertyPath: m_AnchorMax.x
      value: 0.9547708
      objectReference: {fileID: 0}
    - target: {fileID: 8215235553254028047, guid: 41bd46bd65d897842a0f653db503ca3d, type: 3}
      propertyPath: m_AnchorMax.y
      value: 0.15114816
      objectReference: {fileID: 0}
    - target: {fileID: 8215235553254028047, guid: 41bd46bd65d897842a0f653db503ca3d, type: 3}
      propertyPath: m_Pivot.x
      value: 0.5
      objectReference: {fileID: 0}
    - target: {fileID: 8215235553254028047, guid: 41bd46bd65d897842a0f653db503ca3d, type: 3}
      propertyPath: m_Pivot.y
      value: 0.5
      objectReference: {fileID: 0}
    - target: {fileID: 8953856712037068787, guid: 41bd46bd65d897842a0f653db503ca3d, type: 3}
      propertyPath: m_AnchoredPosition.y
      value: -0.2000122
      objectReference: {fileID: 0}
    m_RemovedComponents: []
  m_SourcePrefab: {fileID: 100100000, guid: 41bd46bd65d897842a0f653db503ca3d, type: 3}
--- !u!224 &5009118477686607396 stripped
RectTransform:
  m_CorrespondingSourceObject: {fileID: 8215235553254028047, guid: 41bd46bd65d897842a0f653db503ca3d, type: 3}
  m_PrefabInstance: {fileID: 3999644532668284203}
  m_PrefabAsset: {fileID: 0}
--- !u!1001 &5810069966040041451
PrefabInstance:
  m_ObjectHideFlags: 0
  serializedVersion: 2
  m_Modification:
    m_TransformParent: {fileID: 951867120207482264}
    m_Modifications:
    - target: {fileID: 989296340320444971, guid: 1d83fcf91c1ae484497fdb9be4a68c67, type: 3}
      propertyPath: m_Name
      value: Gun_Box_Uzi_Ui
      objectReference: {fileID: 0}
    - target: {fileID: 989296340320444971, guid: 1d83fcf91c1ae484497fdb9be4a68c67, type: 3}
      propertyPath: m_IsActive
      value: 1
      objectReference: {fileID: 0}
    - target: {fileID: 1383335559856973973, guid: 1d83fcf91c1ae484497fdb9be4a68c67, type: 3}
      propertyPath: m_AnchoredPosition.x
      value: -1.4200134
      objectReference: {fileID: 0}
    - target: {fileID: 2006560210437566216, guid: 1d83fcf91c1ae484497fdb9be4a68c67, type: 3}
      propertyPath: m_AnchoredPosition.y
      value: -1.1992493
      objectReference: {fileID: 0}
    - target: {fileID: 2006560210437566216, guid: 1d83fcf91c1ae484497fdb9be4a68c67, type: 3}
      propertyPath: m_AnchoredPosition.x
      value: 0.20007324
      objectReference: {fileID: 0}
    - target: {fileID: 5800365797694858456, guid: 1d83fcf91c1ae484497fdb9be4a68c67, type: 3}
      propertyPath: m_AnchoredPosition.y
      value: -0.69921875
      objectReference: {fileID: 0}
    - target: {fileID: 5800365797694858456, guid: 1d83fcf91c1ae484497fdb9be4a68c67, type: 3}
      propertyPath: m_AnchoredPosition.x
      value: -1.4199219
      objectReference: {fileID: 0}
    - target: {fileID: 7029516547549657352, guid: 1d83fcf91c1ae484497fdb9be4a68c67, type: 3}
      propertyPath: m_AnchoredPosition.y
      value: -1.2998047
      objectReference: {fileID: 0}
    - target: {fileID: 7155363825849578982, guid: 1d83fcf91c1ae484497fdb9be4a68c67, type: 3}
      propertyPath: m_AnchoredPosition.y
      value: -0.19921875
      objectReference: {fileID: 0}
    - target: {fileID: 7155363825849578982, guid: 1d83fcf91c1ae484497fdb9be4a68c67, type: 3}
      propertyPath: m_AnchoredPosition.x
      value: 0.0064697266
      objectReference: {fileID: 0}
    - target: {fileID: 7857912142687332634, guid: 1d83fcf91c1ae484497fdb9be4a68c67, type: 3}
      propertyPath: m_LocalPosition.x
      value: 0
      objectReference: {fileID: 0}
    - target: {fileID: 7857912142687332634, guid: 1d83fcf91c1ae484497fdb9be4a68c67, type: 3}
      propertyPath: m_LocalPosition.y
      value: 0
      objectReference: {fileID: 0}
    - target: {fileID: 7857912142687332634, guid: 1d83fcf91c1ae484497fdb9be4a68c67, type: 3}
      propertyPath: m_LocalPosition.z
      value: 0
      objectReference: {fileID: 0}
    - target: {fileID: 7857912142687332634, guid: 1d83fcf91c1ae484497fdb9be4a68c67, type: 3}
      propertyPath: m_LocalRotation.x
      value: -0
      objectReference: {fileID: 0}
    - target: {fileID: 7857912142687332634, guid: 1d83fcf91c1ae484497fdb9be4a68c67, type: 3}
      propertyPath: m_LocalRotation.y
      value: -0
      objectReference: {fileID: 0}
    - target: {fileID: 7857912142687332634, guid: 1d83fcf91c1ae484497fdb9be4a68c67, type: 3}
      propertyPath: m_LocalRotation.z
      value: -0
      objectReference: {fileID: 0}
    - target: {fileID: 7857912142687332634, guid: 1d83fcf91c1ae484497fdb9be4a68c67, type: 3}
      propertyPath: m_LocalRotation.w
      value: 1
      objectReference: {fileID: 0}
    - target: {fileID: 7857912142687332634, guid: 1d83fcf91c1ae484497fdb9be4a68c67, type: 3}
      propertyPath: m_RootOrder
      value: 10
      objectReference: {fileID: 0}
    - target: {fileID: 7857912142687332634, guid: 1d83fcf91c1ae484497fdb9be4a68c67, type: 3}
      propertyPath: m_LocalEulerAnglesHint.x
      value: 0
      objectReference: {fileID: 0}
    - target: {fileID: 7857912142687332634, guid: 1d83fcf91c1ae484497fdb9be4a68c67, type: 3}
      propertyPath: m_LocalEulerAnglesHint.y
      value: 0
      objectReference: {fileID: 0}
    - target: {fileID: 7857912142687332634, guid: 1d83fcf91c1ae484497fdb9be4a68c67, type: 3}
      propertyPath: m_LocalEulerAnglesHint.z
      value: 0
      objectReference: {fileID: 0}
    - target: {fileID: 7857912142687332634, guid: 1d83fcf91c1ae484497fdb9be4a68c67, type: 3}
      propertyPath: m_AnchoredPosition.x
      value: 23.350342
      objectReference: {fileID: 0}
    - target: {fileID: 7857912142687332634, guid: 1d83fcf91c1ae484497fdb9be4a68c67, type: 3}
      propertyPath: m_AnchoredPosition.y
      value: 478.68005
      objectReference: {fileID: 0}
    - target: {fileID: 7857912142687332634, guid: 1d83fcf91c1ae484497fdb9be4a68c67, type: 3}
      propertyPath: m_SizeDelta.x
      value: 18.700806
      objectReference: {fileID: 0}
    - target: {fileID: 7857912142687332634, guid: 1d83fcf91c1ae484497fdb9be4a68c67, type: 3}
      propertyPath: m_SizeDelta.y
      value: 15.999756
      objectReference: {fileID: 0}
    - target: {fileID: 7857912142687332634, guid: 1d83fcf91c1ae484497fdb9be4a68c67, type: 3}
      propertyPath: m_AnchorMin.x
      value: 0.79800004
      objectReference: {fileID: 0}
    - target: {fileID: 7857912142687332634, guid: 1d83fcf91c1ae484497fdb9be4a68c67, type: 3}
      propertyPath: m_AnchorMin.y
      value: 0.04451852
      objectReference: {fileID: 0}
    - target: {fileID: 7857912142687332634, guid: 1d83fcf91c1ae484497fdb9be4a68c67, type: 3}
      propertyPath: m_AnchorMax.x
      value: 0.9547708
      objectReference: {fileID: 0}
    - target: {fileID: 7857912142687332634, guid: 1d83fcf91c1ae484497fdb9be4a68c67, type: 3}
      propertyPath: m_AnchorMax.y
      value: 0.15114816
      objectReference: {fileID: 0}
    - target: {fileID: 7857912142687332634, guid: 1d83fcf91c1ae484497fdb9be4a68c67, type: 3}
      propertyPath: m_Pivot.x
      value: 0.5
      objectReference: {fileID: 0}
    - target: {fileID: 7857912142687332634, guid: 1d83fcf91c1ae484497fdb9be4a68c67, type: 3}
      propertyPath: m_Pivot.y
      value: 0.5
      objectReference: {fileID: 0}
    - target: {fileID: 8155735180144434530, guid: 1d83fcf91c1ae484497fdb9be4a68c67, type: 3}
      propertyPath: m_AnchoredPosition.x
      value: -3.9312744
      objectReference: {fileID: 0}
    - target: {fileID: 8155735180144434530, guid: 1d83fcf91c1ae484497fdb9be4a68c67, type: 3}
      propertyPath: m_AnchoredPosition.y
      value: -0.5
      objectReference: {fileID: 0}
    m_RemovedComponents: []
  m_SourcePrefab: {fileID: 100100000, guid: 1d83fcf91c1ae484497fdb9be4a68c67, type: 3}
--- !u!224 &4444325694937296625 stripped
RectTransform:
  m_CorrespondingSourceObject: {fileID: 7857912142687332634, guid: 1d83fcf91c1ae484497fdb9be4a68c67, type: 3}
  m_PrefabInstance: {fileID: 5810069966040041451}
  m_PrefabAsset: {fileID: 0}
--- !u!1001 &7516154493179978198
PrefabInstance:
  m_ObjectHideFlags: 0
  serializedVersion: 2
  m_Modification:
    m_TransformParent: {fileID: 951867120207482264}
    m_Modifications:
    - target: {fileID: 7312447947801548620, guid: caca50c3ef0a0e04fafd34cb1d8192aa, type: 3}
      propertyPath: m_LocalPosition.x
      value: 0
      objectReference: {fileID: 0}
    - target: {fileID: 7312447947801548620, guid: caca50c3ef0a0e04fafd34cb1d8192aa, type: 3}
      propertyPath: m_LocalPosition.y
      value: 0
      objectReference: {fileID: 0}
    - target: {fileID: 7312447947801548620, guid: caca50c3ef0a0e04fafd34cb1d8192aa, type: 3}
      propertyPath: m_LocalPosition.z
      value: 0
      objectReference: {fileID: 0}
    - target: {fileID: 7312447947801548620, guid: caca50c3ef0a0e04fafd34cb1d8192aa, type: 3}
      propertyPath: m_LocalRotation.x
      value: 0
      objectReference: {fileID: 0}
    - target: {fileID: 7312447947801548620, guid: caca50c3ef0a0e04fafd34cb1d8192aa, type: 3}
      propertyPath: m_LocalRotation.y
      value: 0
      objectReference: {fileID: 0}
    - target: {fileID: 7312447947801548620, guid: caca50c3ef0a0e04fafd34cb1d8192aa, type: 3}
      propertyPath: m_LocalRotation.z
      value: 0
      objectReference: {fileID: 0}
    - target: {fileID: 7312447947801548620, guid: caca50c3ef0a0e04fafd34cb1d8192aa, type: 3}
      propertyPath: m_LocalRotation.w
      value: 1
      objectReference: {fileID: 0}
    - target: {fileID: 7312447947801548620, guid: caca50c3ef0a0e04fafd34cb1d8192aa, type: 3}
      propertyPath: m_RootOrder
      value: 9
      objectReference: {fileID: 0}
    - target: {fileID: 7312447947801548620, guid: caca50c3ef0a0e04fafd34cb1d8192aa, type: 3}
      propertyPath: m_LocalEulerAnglesHint.x
      value: 0
      objectReference: {fileID: 0}
    - target: {fileID: 7312447947801548620, guid: caca50c3ef0a0e04fafd34cb1d8192aa, type: 3}
      propertyPath: m_LocalEulerAnglesHint.y
      value: 0
      objectReference: {fileID: 0}
    - target: {fileID: 7312447947801548620, guid: caca50c3ef0a0e04fafd34cb1d8192aa, type: 3}
      propertyPath: m_LocalEulerAnglesHint.z
      value: 0
      objectReference: {fileID: 0}
    - target: {fileID: 7312447947801548620, guid: caca50c3ef0a0e04fafd34cb1d8192aa, type: 3}
      propertyPath: m_AnchoredPosition.x
      value: 286.8
      objectReference: {fileID: 0}
    - target: {fileID: 7312447947801548620, guid: caca50c3ef0a0e04fafd34cb1d8192aa, type: 3}
      propertyPath: m_AnchoredPosition.y
      value: 496.9
      objectReference: {fileID: 0}
    - target: {fileID: 7312447947801548620, guid: caca50c3ef0a0e04fafd34cb1d8192aa, type: 3}
      propertyPath: m_SizeDelta.x
      value: 265.36142
      objectReference: {fileID: 0}
    - target: {fileID: 7312447947801548620, guid: caca50c3ef0a0e04fafd34cb1d8192aa, type: 3}
      propertyPath: m_SizeDelta.y
      value: 173.70282
      objectReference: {fileID: 0}
    - target: {fileID: 7312447947801548620, guid: caca50c3ef0a0e04fafd34cb1d8192aa, type: 3}
      propertyPath: m_AnchorMin.x
      value: 0.5
      objectReference: {fileID: 0}
    - target: {fileID: 7312447947801548620, guid: caca50c3ef0a0e04fafd34cb1d8192aa, type: 3}
      propertyPath: m_AnchorMin.y
      value: 0.5
      objectReference: {fileID: 0}
    - target: {fileID: 7312447947801548620, guid: caca50c3ef0a0e04fafd34cb1d8192aa, type: 3}
      propertyPath: m_AnchorMax.x
      value: 0.5
      objectReference: {fileID: 0}
    - target: {fileID: 7312447947801548620, guid: caca50c3ef0a0e04fafd34cb1d8192aa, type: 3}
      propertyPath: m_AnchorMax.y
      value: 0.5
      objectReference: {fileID: 0}
    - target: {fileID: 7312447947801548620, guid: caca50c3ef0a0e04fafd34cb1d8192aa, type: 3}
      propertyPath: m_Pivot.x
      value: 0.5
      objectReference: {fileID: 0}
    - target: {fileID: 7312447947801548620, guid: caca50c3ef0a0e04fafd34cb1d8192aa, type: 3}
      propertyPath: m_Pivot.y
      value: 0.5
      objectReference: {fileID: 0}
    - target: {fileID: 7312447947801548623, guid: caca50c3ef0a0e04fafd34cb1d8192aa, type: 3}
      propertyPath: m_Name
      value: shield_Bar
      objectReference: {fileID: 0}
    m_RemovedComponents: []
  m_SourcePrefab: {fileID: 100100000, guid: caca50c3ef0a0e04fafd34cb1d8192aa, type: 3}
--- !u!224 &951867119812490906 stripped
RectTransform:
  m_CorrespondingSourceObject: {fileID: 7312447947801548620, guid: caca50c3ef0a0e04fafd34cb1d8192aa, type: 3}
  m_PrefabInstance: {fileID: 7516154493179978198}
  m_PrefabAsset: {fileID: 0}
--- !u!1001 &8172856124189966836
PrefabInstance:
  m_ObjectHideFlags: 0
  serializedVersion: 2
  m_Modification:
    m_TransformParent: {fileID: 951867120207482264}
    m_Modifications:
    - target: {fileID: 8961713892274942404, guid: e8c6c378b58bf9f46a7ea782b95ea61f, type: 3}
      propertyPath: m_Name
      value: crosshair
      objectReference: {fileID: 0}
    - target: {fileID: 8961713892274942405, guid: e8c6c378b58bf9f46a7ea782b95ea61f, type: 3}
      propertyPath: m_LocalPosition.x
      value: 0
      objectReference: {fileID: 0}
    - target: {fileID: 8961713892274942405, guid: e8c6c378b58bf9f46a7ea782b95ea61f, type: 3}
      propertyPath: m_LocalPosition.y
      value: 0
      objectReference: {fileID: 0}
    - target: {fileID: 8961713892274942405, guid: e8c6c378b58bf9f46a7ea782b95ea61f, type: 3}
      propertyPath: m_LocalPosition.z
      value: 0
      objectReference: {fileID: 0}
    - target: {fileID: 8961713892274942405, guid: e8c6c378b58bf9f46a7ea782b95ea61f, type: 3}
      propertyPath: m_LocalRotation.x
      value: 0
      objectReference: {fileID: 0}
    - target: {fileID: 8961713892274942405, guid: e8c6c378b58bf9f46a7ea782b95ea61f, type: 3}
      propertyPath: m_LocalRotation.y
      value: 0
      objectReference: {fileID: 0}
    - target: {fileID: 8961713892274942405, guid: e8c6c378b58bf9f46a7ea782b95ea61f, type: 3}
      propertyPath: m_LocalRotation.z
      value: 0
      objectReference: {fileID: 0}
    - target: {fileID: 8961713892274942405, guid: e8c6c378b58bf9f46a7ea782b95ea61f, type: 3}
      propertyPath: m_LocalRotation.w
      value: 1
      objectReference: {fileID: 0}
    - target: {fileID: 8961713892274942405, guid: e8c6c378b58bf9f46a7ea782b95ea61f, type: 3}
      propertyPath: m_RootOrder
      value: 7
      objectReference: {fileID: 0}
    - target: {fileID: 8961713892274942405, guid: e8c6c378b58bf9f46a7ea782b95ea61f, type: 3}
      propertyPath: m_LocalEulerAnglesHint.x
      value: 0
      objectReference: {fileID: 0}
    - target: {fileID: 8961713892274942405, guid: e8c6c378b58bf9f46a7ea782b95ea61f, type: 3}
      propertyPath: m_LocalEulerAnglesHint.y
      value: 0
      objectReference: {fileID: 0}
    - target: {fileID: 8961713892274942405, guid: e8c6c378b58bf9f46a7ea782b95ea61f, type: 3}
      propertyPath: m_LocalEulerAnglesHint.z
      value: 0
      objectReference: {fileID: 0}
    - target: {fileID: 8961713892274942405, guid: e8c6c378b58bf9f46a7ea782b95ea61f, type: 3}
      propertyPath: m_AnchoredPosition.x
      value: 0
      objectReference: {fileID: 0}
    - target: {fileID: 8961713892274942405, guid: e8c6c378b58bf9f46a7ea782b95ea61f, type: 3}
      propertyPath: m_AnchoredPosition.y
      value: 0
      objectReference: {fileID: 0}
    - target: {fileID: 8961713892274942405, guid: e8c6c378b58bf9f46a7ea782b95ea61f, type: 3}
      propertyPath: m_SizeDelta.x
      value: -1648.1061
      objectReference: {fileID: 0}
    - target: {fileID: 8961713892274942405, guid: e8c6c378b58bf9f46a7ea782b95ea61f, type: 3}
      propertyPath: m_SizeDelta.y
      value: -930.62354
      objectReference: {fileID: 0}
    - target: {fileID: 8961713892274942405, guid: e8c6c378b58bf9f46a7ea782b95ea61f, type: 3}
      propertyPath: m_AnchorMin.x
      value: 0
      objectReference: {fileID: 0}
    - target: {fileID: 8961713892274942405, guid: e8c6c378b58bf9f46a7ea782b95ea61f, type: 3}
      propertyPath: m_AnchorMin.y
      value: 0
      objectReference: {fileID: 0}
    - target: {fileID: 8961713892274942405, guid: e8c6c378b58bf9f46a7ea782b95ea61f, type: 3}
      propertyPath: m_AnchorMax.x
      value: 1
      objectReference: {fileID: 0}
    - target: {fileID: 8961713892274942405, guid: e8c6c378b58bf9f46a7ea782b95ea61f, type: 3}
      propertyPath: m_AnchorMax.y
      value: 1
      objectReference: {fileID: 0}
    - target: {fileID: 8961713892274942405, guid: e8c6c378b58bf9f46a7ea782b95ea61f, type: 3}
      propertyPath: m_Pivot.x
      value: 0.5
      objectReference: {fileID: 0}
    - target: {fileID: 8961713892274942405, guid: e8c6c378b58bf9f46a7ea782b95ea61f, type: 3}
      propertyPath: m_Pivot.y
      value: 0.5
      objectReference: {fileID: 0}
    m_RemovedComponents: []
  m_SourcePrefab: {fileID: 100100000, guid: e8c6c378b58bf9f46a7ea782b95ea61f, type: 3}
--- !u!224 &951867119665098801 stripped
RectTransform:
  m_CorrespondingSourceObject: {fileID: 8961713892274942405, guid: e8c6c378b58bf9f46a7ea782b95ea61f, type: 3}
  m_PrefabInstance: {fileID: 8172856124189966836}
  m_PrefabAsset: {fileID: 0}
--- !u!1001 &8794203512701494933
PrefabInstance:
  m_ObjectHideFlags: 0
  serializedVersion: 2
  m_Modification:
    m_TransformParent: {fileID: 951867120207482264}
    m_Modifications:
    - target: {fileID: 5587522390522271274, guid: bddb9bdd08b4efe44b407812438845cb, type: 3}
      propertyPath: m_LocalPosition.x
      value: 0
      objectReference: {fileID: 0}
    - target: {fileID: 5587522390522271274, guid: bddb9bdd08b4efe44b407812438845cb, type: 3}
      propertyPath: m_LocalPosition.y
      value: 0
      objectReference: {fileID: 0}
    - target: {fileID: 5587522390522271274, guid: bddb9bdd08b4efe44b407812438845cb, type: 3}
      propertyPath: m_LocalPosition.z
      value: 0
      objectReference: {fileID: 0}
    - target: {fileID: 5587522390522271274, guid: bddb9bdd08b4efe44b407812438845cb, type: 3}
      propertyPath: m_LocalRotation.x
      value: -0
      objectReference: {fileID: 0}
    - target: {fileID: 5587522390522271274, guid: bddb9bdd08b4efe44b407812438845cb, type: 3}
      propertyPath: m_LocalRotation.y
      value: -0
      objectReference: {fileID: 0}
    - target: {fileID: 5587522390522271274, guid: bddb9bdd08b4efe44b407812438845cb, type: 3}
      propertyPath: m_LocalRotation.z
      value: -0
      objectReference: {fileID: 0}
    - target: {fileID: 5587522390522271274, guid: bddb9bdd08b4efe44b407812438845cb, type: 3}
      propertyPath: m_LocalRotation.w
      value: 1
      objectReference: {fileID: 0}
    - target: {fileID: 5587522390522271274, guid: bddb9bdd08b4efe44b407812438845cb, type: 3}
      propertyPath: m_RootOrder
      value: 15
      objectReference: {fileID: 0}
    - target: {fileID: 5587522390522271274, guid: bddb9bdd08b4efe44b407812438845cb, type: 3}
      propertyPath: m_LocalEulerAnglesHint.x
      value: 0
      objectReference: {fileID: 0}
    - target: {fileID: 5587522390522271274, guid: bddb9bdd08b4efe44b407812438845cb, type: 3}
      propertyPath: m_LocalEulerAnglesHint.y
      value: 0
      objectReference: {fileID: 0}
    - target: {fileID: 5587522390522271274, guid: bddb9bdd08b4efe44b407812438845cb, type: 3}
      propertyPath: m_LocalEulerAnglesHint.z
      value: 0
      objectReference: {fileID: 0}
    - target: {fileID: 5587522390522271274, guid: bddb9bdd08b4efe44b407812438845cb, type: 3}
      propertyPath: m_AnchoredPosition.x
      value: -1.7099609
      objectReference: {fileID: 0}
    - target: {fileID: 5587522390522271274, guid: bddb9bdd08b4efe44b407812438845cb, type: 3}
      propertyPath: m_AnchoredPosition.y
      value: 0.011001587
      objectReference: {fileID: 0}
    - target: {fileID: 5587522390522271274, guid: bddb9bdd08b4efe44b407812438845cb, type: 3}
      propertyPath: m_SizeDelta.x
      value: 8.442383
      objectReference: {fileID: 0}
    - target: {fileID: 5587522390522271274, guid: bddb9bdd08b4efe44b407812438845cb, type: 3}
      propertyPath: m_SizeDelta.y
      value: -0.71539307
      objectReference: {fileID: 0}
    - target: {fileID: 5587522390522271274, guid: bddb9bdd08b4efe44b407812438845cb, type: 3}
      propertyPath: m_AnchorMin.x
      value: 0.020520834
      objectReference: {fileID: 0}
    - target: {fileID: 5587522390522271274, guid: bddb9bdd08b4efe44b407812438845cb, type: 3}
      propertyPath: m_AnchorMin.y
      value: 0.56925917
      objectReference: {fileID: 0}
    - target: {fileID: 5587522390522271274, guid: bddb9bdd08b4efe44b407812438845cb, type: 3}
      propertyPath: m_AnchorMax.x
      value: 0.043
      objectReference: {fileID: 0}
    - target: {fileID: 5587522390522271274, guid: bddb9bdd08b4efe44b407812438845cb, type: 3}
      propertyPath: m_AnchorMax.y
      value: 0.61800003
      objectReference: {fileID: 0}
    - target: {fileID: 5587522390522271274, guid: bddb9bdd08b4efe44b407812438845cb, type: 3}
      propertyPath: m_Pivot.x
      value: 0.5
      objectReference: {fileID: 0}
    - target: {fileID: 5587522390522271274, guid: bddb9bdd08b4efe44b407812438845cb, type: 3}
      propertyPath: m_Pivot.y
      value: 0.5
      objectReference: {fileID: 0}
    - target: {fileID: 5587522390522271275, guid: bddb9bdd08b4efe44b407812438845cb, type: 3}
      propertyPath: m_Name
      value: stats_Icon_STR
      objectReference: {fileID: 0}
    m_RemovedComponents: []
  m_SourcePrefab: {fileID: 100100000, guid: bddb9bdd08b4efe44b407812438845cb, type: 3}
--- !u!224 &3999644532249440447 stripped
RectTransform:
  m_CorrespondingSourceObject: {fileID: 5587522390522271274, guid: bddb9bdd08b4efe44b407812438845cb, type: 3}
  m_PrefabInstance: {fileID: 8794203512701494933}
  m_PrefabAsset: {fileID: 0}
