%YAML 1.1
%TAG !u! tag:unity3d.com,2011:
--- !u!1 &4130504068603188424
GameObject:
  m_ObjectHideFlags: 0
  m_CorrespondingSourceObject: {fileID: 0}
  m_PrefabInstance: {fileID: 0}
  m_PrefabAsset: {fileID: 0}
  serializedVersion: 6
  m_Component:
  - component: {fileID: 3835225871484010789}
  m_Layer: 0
  m_Name: Kitchen_Table_Ver_1_Bowls 1
  m_TagString: Untagged
  m_Icon: {fileID: 0}
  m_NavMeshLayer: 0
  m_StaticEditorFlags: 0
  m_IsActive: 1
--- !u!4 &3835225871484010789
Transform:
  m_ObjectHideFlags: 0
  m_CorrespondingSourceObject: {fileID: 0}
  m_PrefabInstance: {fileID: 0}
  m_PrefabAsset: {fileID: 0}
  m_GameObject: {fileID: 4130504068603188424}
  m_LocalRotation: {x: 0.04358537, y: -0.70142025, z: 0.060749948, w: 0.7088156}
  m_LocalPosition: {x: -20.6925, y: 0.8017018, z: -8.791604}
  m_LocalScale: {x: 0.8, y: 0.8, z: 0.8}
  m_Children:
  - {fileID: 3062937193954800811}
  - {fileID: 7851799448749441486}
  - {fileID: 760933161610934005}
  - {fileID: 8758471915936399956}
  - {fileID: 1725527615775787625}
  - {fileID: 3024343163560416367}
  m_Father: {fileID: 0}
  m_RootOrder: 0
  m_LocalEulerAnglesHint: {x: 0, y: 0, z: 0}
--- !u!1 &8502980948316237653
GameObject:
  m_ObjectHideFlags: 0
  m_CorrespondingSourceObject: {fileID: 0}
  m_PrefabInstance: {fileID: 0}
  m_PrefabAsset: {fileID: 0}
  serializedVersion: 6
  m_Component:
  - component: {fileID: 3024343163560416367}
  m_Layer: 0
  m_Name: PlateknifeFork (1)
  m_TagString: Untagged
  m_Icon: {fileID: 0}
  m_NavMeshLayer: 0
  m_StaticEditorFlags: 0
  m_IsActive: 1
--- !u!4 &3024343163560416367
Transform:
  m_ObjectHideFlags: 0
  m_CorrespondingSourceObject: {fileID: 0}
  m_PrefabInstance: {fileID: 0}
  m_PrefabAsset: {fileID: 0}
  m_GameObject: {fileID: 8502980948316237653}
  m_LocalRotation: {x: 0.06132853, y: 0.6993529, z: -0.04276741, w: -0.71085536}
  m_LocalPosition: {x: -0.28880966, y: -0.12042682, z: 0.040179282}
  m_LocalScale: {x: 1, y: 1, z: 1}
  m_Children:
  - {fileID: 1799701444644654915}
  - {fileID: 7567296443673361088}
  m_Father: {fileID: 3835225871484010789}
  m_RootOrder: 5
  m_LocalEulerAnglesHint: {x: 0, y: 181.536, z: 0}
--- !u!1001 &864891862788864331
PrefabInstance:
  m_ObjectHideFlags: 0
  serializedVersion: 2
  m_Modification:
    m_TransformParent: {fileID: 3835225871484010789}
    m_Modifications:
    - target: {fileID: 2774511727346585056, guid: 808723feeaec20b49865212b05a46ca7, type: 3}
      propertyPath: m_LocalPosition.x
      value: 0.16994254
      objectReference: {fileID: 0}
    - target: {fileID: 2774511727346585056, guid: 808723feeaec20b49865212b05a46ca7, type: 3}
      propertyPath: m_LocalPosition.y
      value: -0.28842548
      objectReference: {fileID: 0}
    - target: {fileID: 2774511727346585056, guid: 808723feeaec20b49865212b05a46ca7, type: 3}
      propertyPath: m_LocalPosition.z
      value: 0.39756227
      objectReference: {fileID: 0}
    - target: {fileID: 2774511727346585056, guid: 808723feeaec20b49865212b05a46ca7, type: 3}
      propertyPath: m_LocalRotation.x
      value: -0.035282996
      objectReference: {fileID: 0}
    - target: {fileID: 2774511727346585056, guid: 808723feeaec20b49865212b05a46ca7, type: 3}
      propertyPath: m_LocalRotation.y
      value: 0.78793824
      objectReference: {fileID: 0}
    - target: {fileID: 2774511727346585056, guid: 808723feeaec20b49865212b05a46ca7, type: 3}
      propertyPath: m_LocalRotation.z
      value: -0.06591931
      objectReference: {fileID: 0}
    - target: {fileID: 2774511727346585056, guid: 808723feeaec20b49865212b05a46ca7, type: 3}
      propertyPath: m_LocalRotation.w
      value: 0.611198
      objectReference: {fileID: 0}
    - target: {fileID: 2774511727346585056, guid: 808723feeaec20b49865212b05a46ca7, type: 3}
      propertyPath: m_RootOrder
      value: 0
      objectReference: {fileID: 0}
    - target: {fileID: 2774511727346585056, guid: 808723feeaec20b49865212b05a46ca7, type: 3}
      propertyPath: m_LocalEulerAnglesHint.x
      value: 0
      objectReference: {fileID: 0}
    - target: {fileID: 2774511727346585056, guid: 808723feeaec20b49865212b05a46ca7, type: 3}
      propertyPath: m_LocalEulerAnglesHint.y
      value: 15
      objectReference: {fileID: 0}
    - target: {fileID: 2774511727346585056, guid: 808723feeaec20b49865212b05a46ca7, type: 3}
      propertyPath: m_LocalEulerAnglesHint.z
      value: 0
      objectReference: {fileID: 0}
    - target: {fileID: 3299690589621475162, guid: 808723feeaec20b49865212b05a46ca7, type: 3}
      propertyPath: m_Name
      value: mug_2 Variant
      objectReference: {fileID: 0}
    m_RemovedComponents: []
  m_SourcePrefab: {fileID: 100100000, guid: 808723feeaec20b49865212b05a46ca7, type: 3}
--- !u!4 &3062937193954800811 stripped
Transform:
  m_CorrespondingSourceObject: {fileID: 2774511727346585056, guid: 808723feeaec20b49865212b05a46ca7, type: 3}
  m_PrefabInstance: {fileID: 864891862788864331}
  m_PrefabAsset: {fileID: 0}
--- !u!1001 &1583376708361956395
PrefabInstance:
  m_ObjectHideFlags: 0
  serializedVersion: 2
  m_Modification:
    m_TransformParent: {fileID: 3835225871484010789}
    m_Modifications:
    - target: {fileID: 7439612174531900613, guid: 810bdb3a7b3ad84458c0ffd06b96120d, type: 3}
      propertyPath: m_Name
      value: table (12)
      objectReference: {fileID: 0}
    - target: {fileID: 7815187327471677055, guid: 810bdb3a7b3ad84458c0ffd06b96120d, type: 3}
      propertyPath: m_LocalPosition.x
      value: 0.05658845
      objectReference: {fileID: 0}
    - target: {fileID: 7815187327471677055, guid: 810bdb3a7b3ad84458c0ffd06b96120d, type: 3}
      propertyPath: m_LocalPosition.y
      value: -0.5552812
      objectReference: {fileID: 0}
    - target: {fileID: 7815187327471677055, guid: 810bdb3a7b3ad84458c0ffd06b96120d, type: 3}
      propertyPath: m_LocalPosition.z
      value: 0.16557443
      objectReference: {fileID: 0}
    - target: {fileID: 7815187327471677055, guid: 810bdb3a7b3ad84458c0ffd06b96120d, type: 3}
      propertyPath: m_LocalRotation.x
      value: -0.04358537
      objectReference: {fileID: 0}
    - target: {fileID: 7815187327471677055, guid: 810bdb3a7b3ad84458c0ffd06b96120d, type: 3}
      propertyPath: m_LocalRotation.y
      value: 0.70142025
      objectReference: {fileID: 0}
    - target: {fileID: 7815187327471677055, guid: 810bdb3a7b3ad84458c0ffd06b96120d, type: 3}
      propertyPath: m_LocalRotation.z
      value: -0.060749948
      objectReference: {fileID: 0}
    - target: {fileID: 7815187327471677055, guid: 810bdb3a7b3ad84458c0ffd06b96120d, type: 3}
      propertyPath: m_LocalRotation.w
      value: 0.7088156
      objectReference: {fileID: 0}
    - target: {fileID: 7815187327471677055, guid: 810bdb3a7b3ad84458c0ffd06b96120d, type: 3}
      propertyPath: m_RootOrder
      value: 3
      objectReference: {fileID: 0}
    - target: {fileID: 7815187327471677055, guid: 810bdb3a7b3ad84458c0ffd06b96120d, type: 3}
      propertyPath: m_LocalEulerAnglesHint.x
      value: 0
      objectReference: {fileID: 0}
    - target: {fileID: 7815187327471677055, guid: 810bdb3a7b3ad84458c0ffd06b96120d, type: 3}
      propertyPath: m_LocalEulerAnglesHint.y
      value: 0
      objectReference: {fileID: 0}
    - target: {fileID: 7815187327471677055, guid: 810bdb3a7b3ad84458c0ffd06b96120d, type: 3}
      propertyPath: m_LocalEulerAnglesHint.z
      value: 0
      objectReference: {fileID: 0}
    - target: {fileID: 7815187327471677055, guid: 810bdb3a7b3ad84458c0ffd06b96120d, type: 3}
      propertyPath: m_LocalScale.x
      value: 0.49999988
      objectReference: {fileID: 0}
    - target: {fileID: 7815187327471677055, guid: 810bdb3a7b3ad84458c0ffd06b96120d, type: 3}
      propertyPath: m_LocalScale.y
      value: 0.49999994
      objectReference: {fileID: 0}
    - target: {fileID: 7815187327471677055, guid: 810bdb3a7b3ad84458c0ffd06b96120d, type: 3}
      propertyPath: m_LocalScale.z
      value: 0.49999988
      objectReference: {fileID: 0}
    m_RemovedComponents: []
  m_SourcePrefab: {fileID: 100100000, guid: 810bdb3a7b3ad84458c0ffd06b96120d, type: 3}
--- !u!4 &8758471915936399956 stripped
Transform:
  m_CorrespondingSourceObject: {fileID: 7815187327471677055, guid: 810bdb3a7b3ad84458c0ffd06b96120d, type: 3}
  m_PrefabInstance: {fileID: 1583376708361956395}
  m_PrefabAsset: {fileID: 0}
--- !u!1001 &2363533056809692314
PrefabInstance:
  m_ObjectHideFlags: 0
  serializedVersion: 2
  m_Modification:
    m_TransformParent: {fileID: 3835225871484010789}
    m_Modifications:
    - target: {fileID: 5147638121208821742, guid: 84aa449e3f2d2ac478983a4e56ce7246, type: 3}
      propertyPath: m_Name
      value: mug_4 Variant
      objectReference: {fileID: 0}
    - target: {fileID: 5493201004421279060, guid: 84aa449e3f2d2ac478983a4e56ce7246, type: 3}
      propertyPath: m_LocalPosition.x
      value: -0.089848876
      objectReference: {fileID: 0}
    - target: {fileID: 5493201004421279060, guid: 84aa449e3f2d2ac478983a4e56ce7246, type: 3}
      propertyPath: m_LocalPosition.y
      value: -0.30197954
      objectReference: {fileID: 0}
    - target: {fileID: 5493201004421279060, guid: 84aa449e3f2d2ac478983a4e56ce7246, type: 3}
      propertyPath: m_LocalPosition.z
      value: 0.30646998
      objectReference: {fileID: 0}
    - target: {fileID: 5493201004421279060, guid: 84aa449e3f2d2ac478983a4e56ce7246, type: 3}
      propertyPath: m_LocalRotation.x
      value: 0.060749758
      objectReference: {fileID: 0}
    - target: {fileID: 5493201004421279060, guid: 84aa449e3f2d2ac478983a4e56ce7246, type: 3}
      propertyPath: m_LocalRotation.y
      value: 0.70881754
      objectReference: {fileID: 0}
    - target: {fileID: 5493201004421279060, guid: 84aa449e3f2d2ac478983a4e56ce7246, type: 3}
      propertyPath: m_LocalRotation.z
      value: -0.043585602
      objectReference: {fileID: 0}
    - target: {fileID: 5493201004421279060, guid: 84aa449e3f2d2ac478983a4e56ce7246, type: 3}
      propertyPath: m_LocalRotation.w
      value: -0.70141816
      objectReference: {fileID: 0}
    - target: {fileID: 5493201004421279060, guid: 84aa449e3f2d2ac478983a4e56ce7246, type: 3}
      propertyPath: m_RootOrder
      value: 1
      objectReference: {fileID: 0}
    - target: {fileID: 5493201004421279060, guid: 84aa449e3f2d2ac478983a4e56ce7246, type: 3}
      propertyPath: m_LocalEulerAnglesHint.x
      value: 0
      objectReference: {fileID: 0}
    - target: {fileID: 5493201004421279060, guid: 84aa449e3f2d2ac478983a4e56ce7246, type: 3}
      propertyPath: m_LocalEulerAnglesHint.y
      value: 180
      objectReference: {fileID: 0}
    - target: {fileID: 5493201004421279060, guid: 84aa449e3f2d2ac478983a4e56ce7246, type: 3}
      propertyPath: m_LocalEulerAnglesHint.z
      value: 0
      objectReference: {fileID: 0}
    - target: {fileID: 5493201004421279060, guid: 84aa449e3f2d2ac478983a4e56ce7246, type: 3}
      propertyPath: m_LocalScale.x
      value: 0.13955179
      objectReference: {fileID: 0}
    - target: {fileID: 5493201004421279060, guid: 84aa449e3f2d2ac478983a4e56ce7246, type: 3}
      propertyPath: m_LocalScale.z
      value: 0.13955179
      objectReference: {fileID: 0}
    - target: {fileID: 5493201004421279060, guid: 84aa449e3f2d2ac478983a4e56ce7246, type: 3}
      propertyPath: m_LocalScale.y
      value: 0.1395518
      objectReference: {fileID: 0}
    m_RemovedComponents: []
  m_SourcePrefab: {fileID: 100100000, guid: 84aa449e3f2d2ac478983a4e56ce7246, type: 3}
--- !u!4 &7851799448749441486 stripped
Transform:
  m_CorrespondingSourceObject: {fileID: 5493201004421279060, guid: 84aa449e3f2d2ac478983a4e56ce7246, type: 3}
  m_PrefabInstance: {fileID: 2363533056809692314}
  m_PrefabAsset: {fileID: 0}
--- !u!1001 &3296685957837119897
PrefabInstance:
  m_ObjectHideFlags: 0
  serializedVersion: 2
  m_Modification:
    m_TransformParent: {fileID: 3835225871484010789}
    m_Modifications:
    - target: {fileID: 2832569297434580844, guid: 54289cf35dfe2314c80c7aea7e70f852, type: 3}
      propertyPath: m_LocalPosition.x
      value: 0.04563532
      objectReference: {fileID: 0}
    - target: {fileID: 2832569297434580844, guid: 54289cf35dfe2314c80c7aea7e70f852, type: 3}
      propertyPath: m_LocalPosition.y
      value: -0.37659863
      objectReference: {fileID: 0}
    - target: {fileID: 2832569297434580844, guid: 54289cf35dfe2314c80c7aea7e70f852, type: 3}
      propertyPath: m_LocalPosition.z
      value: -0.1669718
      objectReference: {fileID: 0}
    - target: {fileID: 2832569297434580844, guid: 54289cf35dfe2314c80c7aea7e70f852, type: 3}
      propertyPath: m_LocalRotation.x
      value: -0.07156075
      objectReference: {fileID: 0}
    - target: {fileID: 2832569297434580844, guid: 54289cf35dfe2314c80c7aea7e70f852, type: 3}
      propertyPath: m_LocalRotation.y
      value: 0.124975875
      objectReference: {fileID: 0}
    - target: {fileID: 2832569297434580844, guid: 54289cf35dfe2314c80c7aea7e70f852, type: 3}
      propertyPath: m_LocalRotation.z
      value: -0.021663195
      objectReference: {fileID: 0}
    - target: {fileID: 2832569297434580844, guid: 54289cf35dfe2314c80c7aea7e70f852, type: 3}
      propertyPath: m_LocalRotation.w
      value: 0.98933864
      objectReference: {fileID: 0}
    - target: {fileID: 2832569297434580844, guid: 54289cf35dfe2314c80c7aea7e70f852, type: 3}
      propertyPath: m_RootOrder
      value: 2
      objectReference: {fileID: 0}
    - target: {fileID: 2832569297434580844, guid: 54289cf35dfe2314c80c7aea7e70f852, type: 3}
      propertyPath: m_LocalEulerAnglesHint.x
      value: -7.827
      objectReference: {fileID: 0}
    - target: {fileID: 2832569297434580844, guid: 54289cf35dfe2314c80c7aea7e70f852, type: 3}
      propertyPath: m_LocalEulerAnglesHint.y
      value: 14.64
      objectReference: {fileID: 0}
    - target: {fileID: 2832569297434580844, guid: 54289cf35dfe2314c80c7aea7e70f852, type: 3}
      propertyPath: m_LocalEulerAnglesHint.z
      value: -3.516
      objectReference: {fileID: 0}
    - target: {fileID: 2832569297434580844, guid: 54289cf35dfe2314c80c7aea7e70f852, type: 3}
      propertyPath: m_LocalScale.x
      value: 0.16928996
      objectReference: {fileID: 0}
    - target: {fileID: 2832569297434580844, guid: 54289cf35dfe2314c80c7aea7e70f852, type: 3}
      propertyPath: m_LocalScale.y
      value: 0.16928999
      objectReference: {fileID: 0}
    - target: {fileID: 2832569297434580844, guid: 54289cf35dfe2314c80c7aea7e70f852, type: 3}
      propertyPath: m_LocalScale.z
      value: 0.16928996
      objectReference: {fileID: 0}
    - target: {fileID: 3171834207860444630, guid: 54289cf35dfe2314c80c7aea7e70f852, type: 3}
      propertyPath: m_Name
      value: cuttinBoard_low
      objectReference: {fileID: 0}
    m_RemovedComponents: []
  m_SourcePrefab: {fileID: 100100000, guid: 54289cf35dfe2314c80c7aea7e70f852, type: 3}
--- !u!4 &760933161610934005 stripped
Transform:
  m_CorrespondingSourceObject: {fileID: 2832569297434580844, guid: 54289cf35dfe2314c80c7aea7e70f852, type: 3}
  m_PrefabInstance: {fileID: 3296685957837119897}
  m_PrefabAsset: {fileID: 0}
--- !u!1001 &5105118913849662859
PrefabInstance:
  m_ObjectHideFlags: 0
  serializedVersion: 2
  m_Modification:
    m_TransformParent: {fileID: 1725527615775787625}
    m_Modifications:
    - target: {fileID: 4694987980186520004, guid: 0e9d0bf2870452341bf9f8f0b8aa1357, type: 3}
      propertyPath: m_Name
      value: bowl (1)
      objectReference: {fileID: 0}
    - target: {fileID: 5362698767546930046, guid: 0e9d0bf2870452341bf9f8f0b8aa1357, type: 3}
      propertyPath: m_LocalPosition.x
      value: 0.1268
      objectReference: {fileID: 0}
    - target: {fileID: 5362698767546930046, guid: 0e9d0bf2870452341bf9f8f0b8aa1357, type: 3}
      propertyPath: m_LocalPosition.y
      value: -0.2116
      objectReference: {fileID: 0}
    - target: {fileID: 5362698767546930046, guid: 0e9d0bf2870452341bf9f8f0b8aa1357, type: 3}
      propertyPath: m_LocalPosition.z
      value: -0.3449
      objectReference: {fileID: 0}
    - target: {fileID: 5362698767546930046, guid: 0e9d0bf2870452341bf9f8f0b8aa1357, type: 3}
      propertyPath: m_LocalRotation.x
      value: -0
      objectReference: {fileID: 0}
    - target: {fileID: 5362698767546930046, guid: 0e9d0bf2870452341bf9f8f0b8aa1357, type: 3}
      propertyPath: m_LocalRotation.y
      value: -0
      objectReference: {fileID: 0}
    - target: {fileID: 5362698767546930046, guid: 0e9d0bf2870452341bf9f8f0b8aa1357, type: 3}
      propertyPath: m_LocalRotation.z
      value: -0
      objectReference: {fileID: 0}
    - target: {fileID: 5362698767546930046, guid: 0e9d0bf2870452341bf9f8f0b8aa1357, type: 3}
      propertyPath: m_LocalRotation.w
      value: 1
      objectReference: {fileID: 0}
    - target: {fileID: 5362698767546930046, guid: 0e9d0bf2870452341bf9f8f0b8aa1357, type: 3}
      propertyPath: m_RootOrder
      value: 3
      objectReference: {fileID: 0}
    - target: {fileID: 5362698767546930046, guid: 0e9d0bf2870452341bf9f8f0b8aa1357, type: 3}
      propertyPath: m_LocalEulerAnglesHint.x
      value: 0
      objectReference: {fileID: 0}
    - target: {fileID: 5362698767546930046, guid: 0e9d0bf2870452341bf9f8f0b8aa1357, type: 3}
      propertyPath: m_LocalEulerAnglesHint.y
      value: 0
      objectReference: {fileID: 0}
    - target: {fileID: 5362698767546930046, guid: 0e9d0bf2870452341bf9f8f0b8aa1357, type: 3}
      propertyPath: m_LocalEulerAnglesHint.z
      value: 0
      objectReference: {fileID: 0}
    - target: {fileID: 5362698767546930046, guid: 0e9d0bf2870452341bf9f8f0b8aa1357, type: 3}
      propertyPath: m_LocalScale.x
      value: 0.1265454
      objectReference: {fileID: 0}
    - target: {fileID: 5362698767546930046, guid: 0e9d0bf2870452341bf9f8f0b8aa1357, type: 3}
      propertyPath: m_LocalScale.y
      value: 0.1265454
      objectReference: {fileID: 0}
    - target: {fileID: 5362698767546930046, guid: 0e9d0bf2870452341bf9f8f0b8aa1357, type: 3}
      propertyPath: m_LocalScale.z
      value: 0.1265454
      objectReference: {fileID: 0}
    m_RemovedComponents: []
  m_SourcePrefab: {fileID: 100100000, guid: 0e9d0bf2870452341bf9f8f0b8aa1357, type: 3}
--- !u!1001 &5655852682079819563
PrefabInstance:
  m_ObjectHideFlags: 0
  serializedVersion: 2
  m_Modification:
    m_TransformParent: {fileID: 3024343163560416367}
    m_Modifications:
    - target: {fileID: 6234234098580428904, guid: 9bcdc947b2c2438499fdb386ec0f06bf, type: 3}
      propertyPath: m_LocalPosition.x
      value: -0.1283
      objectReference: {fileID: 0}
    - target: {fileID: 6234234098580428904, guid: 9bcdc947b2c2438499fdb386ec0f06bf, type: 3}
      propertyPath: m_LocalPosition.y
      value: -0.20761472
      objectReference: {fileID: 0}
    - target: {fileID: 6234234098580428904, guid: 9bcdc947b2c2438499fdb386ec0f06bf, type: 3}
      propertyPath: m_LocalPosition.z
      value: -0.2095995
      objectReference: {fileID: 0}
    - target: {fileID: 6234234098580428904, guid: 9bcdc947b2c2438499fdb386ec0f06bf, type: 3}
      propertyPath: m_LocalRotation.x
      value: 0.006840259
      objectReference: {fileID: 0}
    - target: {fileID: 6234234098580428904, guid: 9bcdc947b2c2438499fdb386ec0f06bf, type: 3}
      propertyPath: m_LocalRotation.y
      value: 0.13032095
      objectReference: {fileID: 0}
    - target: {fileID: 6234234098580428904, guid: 9bcdc947b2c2438499fdb386ec0f06bf, type: 3}
      propertyPath: m_LocalRotation.z
      value: -0.1481092
      objectReference: {fileID: 0}
    - target: {fileID: 6234234098580428904, guid: 9bcdc947b2c2438499fdb386ec0f06bf, type: 3}
      propertyPath: m_LocalRotation.w
      value: 0.9803231
      objectReference: {fileID: 0}
    - target: {fileID: 6234234098580428904, guid: 9bcdc947b2c2438499fdb386ec0f06bf, type: 3}
      propertyPath: m_RootOrder
      value: 0
      objectReference: {fileID: 0}
    - target: {fileID: 6234234098580428904, guid: 9bcdc947b2c2438499fdb386ec0f06bf, type: 3}
      propertyPath: m_LocalEulerAnglesHint.x
      value: 2.982
      objectReference: {fileID: 0}
    - target: {fileID: 6234234098580428904, guid: 9bcdc947b2c2438499fdb386ec0f06bf, type: 3}
      propertyPath: m_LocalEulerAnglesHint.y
      value: 14.704
      objectReference: {fileID: 0}
    - target: {fileID: 6234234098580428904, guid: 9bcdc947b2c2438499fdb386ec0f06bf, type: 3}
      propertyPath: m_LocalEulerAnglesHint.z
      value: -16.798
      objectReference: {fileID: 0}
    - target: {fileID: 6234234098580428904, guid: 9bcdc947b2c2438499fdb386ec0f06bf, type: 3}
      propertyPath: m_LocalScale.x
      value: 0.079446755
      objectReference: {fileID: 0}
    - target: {fileID: 6234234098580428904, guid: 9bcdc947b2c2438499fdb386ec0f06bf, type: 3}
      propertyPath: m_LocalScale.y
      value: 0.048035998
      objectReference: {fileID: 0}
    - target: {fileID: 6234234098580428904, guid: 9bcdc947b2c2438499fdb386ec0f06bf, type: 3}
      propertyPath: m_LocalScale.z
      value: 0.09607202
      objectReference: {fileID: 0}
    - target: {fileID: 6759800018480382674, guid: 9bcdc947b2c2438499fdb386ec0f06bf, type: 3}
      propertyPath: m_Name
      value: knife (1)
      objectReference: {fileID: 0}
    m_RemovedComponents: []
  m_SourcePrefab: {fileID: 100100000, guid: 9bcdc947b2c2438499fdb386ec0f06bf, type: 3}
--- !u!4 &1799701444644654915 stripped
Transform:
  m_CorrespondingSourceObject: {fileID: 6234234098580428904, guid: 9bcdc947b2c2438499fdb386ec0f06bf, type: 3}
  m_PrefabInstance: {fileID: 5655852682079819563}
  m_PrefabAsset: {fileID: 0}
--- !u!1001 &8679244593567379170
PrefabInstance:
  m_ObjectHideFlags: 0
  serializedVersion: 2
  m_Modification:
    m_TransformParent: {fileID: 3835225871484010789}
    m_Modifications:
    - target: {fileID: 6222531847028756144, guid: 06b32f833c94f4b40ab8fa2471f30b49, type: 3}
      propertyPath: m_Name
      value: bowlForkKnife
      objectReference: {fileID: 0}
    - target: {fileID: 8034580890780787851, guid: 06b32f833c94f4b40ab8fa2471f30b49, type: 3}
      propertyPath: m_LocalPosition.x
      value: 0.26272893
      objectReference: {fileID: 0}
    - target: {fileID: 8034580890780787851, guid: 06b32f833c94f4b40ab8fa2471f30b49, type: 3}
      propertyPath: m_LocalPosition.y
      value: -0.11055233
      objectReference: {fileID: 0}
    - target: {fileID: 8034580890780787851, guid: 06b32f833c94f4b40ab8fa2471f30b49, type: 3}
      propertyPath: m_LocalPosition.z
      value: 0.13520245
      objectReference: {fileID: 0}
    - target: {fileID: 8034580890780787851, guid: 06b32f833c94f4b40ab8fa2471f30b49, type: 3}
      propertyPath: m_LocalRotation.x
      value: -0.04358537
      objectReference: {fileID: 0}
    - target: {fileID: 8034580890780787851, guid: 06b32f833c94f4b40ab8fa2471f30b49, type: 3}
      propertyPath: m_LocalRotation.y
      value: 0.70142025
      objectReference: {fileID: 0}
    - target: {fileID: 8034580890780787851, guid: 06b32f833c94f4b40ab8fa2471f30b49, type: 3}
      propertyPath: m_LocalRotation.z
      value: -0.060749948
      objectReference: {fileID: 0}
    - target: {fileID: 8034580890780787851, guid: 06b32f833c94f4b40ab8fa2471f30b49, type: 3}
      propertyPath: m_LocalRotation.w
      value: 0.7088156
      objectReference: {fileID: 0}
    - target: {fileID: 8034580890780787851, guid: 06b32f833c94f4b40ab8fa2471f30b49, type: 3}
      propertyPath: m_RootOrder
      value: 4
      objectReference: {fileID: 0}
    - target: {fileID: 8034580890780787851, guid: 06b32f833c94f4b40ab8fa2471f30b49, type: 3}
      propertyPath: m_LocalEulerAnglesHint.x
      value: 0
      objectReference: {fileID: 0}
    - target: {fileID: 8034580890780787851, guid: 06b32f833c94f4b40ab8fa2471f30b49, type: 3}
      propertyPath: m_LocalEulerAnglesHint.y
      value: 0
      objectReference: {fileID: 0}
    - target: {fileID: 8034580890780787851, guid: 06b32f833c94f4b40ab8fa2471f30b49, type: 3}
      propertyPath: m_LocalEulerAnglesHint.z
      value: 0
      objectReference: {fileID: 0}
    m_RemovedComponents: []
  m_SourcePrefab: {fileID: 100100000, guid: 06b32f833c94f4b40ab8fa2471f30b49, type: 3}
--- !u!4 &1725527615775787625 stripped
Transform:
  m_CorrespondingSourceObject: {fileID: 8034580890780787851, guid: 06b32f833c94f4b40ab8fa2471f30b49, type: 3}
  m_PrefabInstance: {fileID: 8679244593567379170}
  m_PrefabAsset: {fileID: 0}
--- !u!1001 &8861642054980071882
PrefabInstance:
  m_ObjectHideFlags: 0
  serializedVersion: 2
  m_Modification:
    m_TransformParent: {fileID: 3024343163560416367}
    m_Modifications:
    - target: {fileID: 1440747787930422026, guid: 4046ab229cbb9c84d9ffed64656b8ec0, type: 3}
      propertyPath: m_LocalPosition.x
      value: 0.0848
      objectReference: {fileID: 0}
    - target: {fileID: 1440747787930422026, guid: 4046ab229cbb9c84d9ffed64656b8ec0, type: 3}
      propertyPath: m_LocalPosition.y
      value: -0.21330082
      objectReference: {fileID: 0}
    - target: {fileID: 1440747787930422026, guid: 4046ab229cbb9c84d9ffed64656b8ec0, type: 3}
      propertyPath: m_LocalPosition.z
      value: -0.19898129
      objectReference: {fileID: 0}
    - target: {fileID: 1440747787930422026, guid: 4046ab229cbb9c84d9ffed64656b8ec0, type: 3}
      propertyPath: m_LocalRotation.x
      value: -0
      objectReference: {fileID: 0}
    - target: {fileID: 1440747787930422026, guid: 4046ab229cbb9c84d9ffed64656b8ec0, type: 3}
      propertyPath: m_LocalRotation.y
      value: -0.099905014
      objectReference: {fileID: 0}
    - target: {fileID: 1440747787930422026, guid: 4046ab229cbb9c84d9ffed64656b8ec0, type: 3}
      propertyPath: m_LocalRotation.z
      value: -0
      objectReference: {fileID: 0}
    - target: {fileID: 1440747787930422026, guid: 4046ab229cbb9c84d9ffed64656b8ec0, type: 3}
      propertyPath: m_LocalRotation.w
      value: 0.99499696
      objectReference: {fileID: 0}
    - target: {fileID: 1440747787930422026, guid: 4046ab229cbb9c84d9ffed64656b8ec0, type: 3}
      propertyPath: m_RootOrder
      value: 1
      objectReference: {fileID: 0}
    - target: {fileID: 1440747787930422026, guid: 4046ab229cbb9c84d9ffed64656b8ec0, type: 3}
      propertyPath: m_LocalEulerAnglesHint.x
      value: 0
      objectReference: {fileID: 0}
    - target: {fileID: 1440747787930422026, guid: 4046ab229cbb9c84d9ffed64656b8ec0, type: 3}
      propertyPath: m_LocalEulerAnglesHint.y
      value: -11.467
      objectReference: {fileID: 0}
    - target: {fileID: 1440747787930422026, guid: 4046ab229cbb9c84d9ffed64656b8ec0, type: 3}
      propertyPath: m_LocalEulerAnglesHint.z
      value: 0
      objectReference: {fileID: 0}
    - target: {fileID: 1440747787930422026, guid: 4046ab229cbb9c84d9ffed64656b8ec0, type: 3}
      propertyPath: m_LocalScale.x
      value: 0.10832431
      objectReference: {fileID: 0}
    - target: {fileID: 1440747787930422026, guid: 4046ab229cbb9c84d9ffed64656b8ec0, type: 3}
      propertyPath: m_LocalScale.y
      value: 0.10832432
      objectReference: {fileID: 0}
    - target: {fileID: 1440747787930422026, guid: 4046ab229cbb9c84d9ffed64656b8ec0, type: 3}
      propertyPath: m_LocalScale.z
      value: 0.10832431
      objectReference: {fileID: 0}
    - target: {fileID: 1780400516974875056, guid: 4046ab229cbb9c84d9ffed64656b8ec0, type: 3}
      propertyPath: m_Name
      value: fork (1)
      objectReference: {fileID: 0}
    m_RemovedComponents: []
  m_SourcePrefab: {fileID: 100100000, guid: 4046ab229cbb9c84d9ffed64656b8ec0, type: 3}
--- !u!4 &7567296443673361088 stripped
Transform:
  m_CorrespondingSourceObject: {fileID: 1440747787930422026, guid: 4046ab229cbb9c84d9ffed64656b8ec0, type: 3}
  m_PrefabInstance: {fileID: 8861642054980071882}
  m_PrefabAsset: {fileID: 0}
