%YAML 1.1
%TAG !u! tag:unity3d.com,2011:
--- !u!1 &814968445846584054
GameObject:
  m_ObjectHideFlags: 0
  m_CorrespondingSourceObject: {fileID: 0}
  m_PrefabInstance: {fileID: 0}
  m_PrefabAsset: {fileID: 0}
  serializedVersion: 6
  m_Component:
  - component: {fileID: 2807099363780370380}
  m_Layer: 0
  m_Name: workshop_pallet_ver_1
  m_TagString: Untagged
  m_Icon: {fileID: 0}
  m_NavMeshLayer: 0
  m_StaticEditorFlags: 0
  m_IsActive: 1
--- !u!4 &2807099363780370380
Transform:
  m_ObjectHideFlags: 0
  m_CorrespondingSourceObject: {fileID: 0}
  m_PrefabInstance: {fileID: 0}
  m_PrefabAsset: {fileID: 0}
  m_GameObject: {fileID: 814968445846584054}
  m_LocalRotation: {x: 0, y: 0, z: 0, w: 1}
  m_LocalPosition: {x: -10.125664, y: 0.8679728, z: -7.514619}
  m_LocalScale: {x: 1, y: 1, z: 1}
  m_Children:
  - {fileID: 8514560058691435599}
  - {fileID: 3408011222087384206}
  - {fileID: 9053257053766025226}
  - {fileID: 4638950241102448984}
  - {fileID: 8123492655598495172}
  - {fileID: 8504598513357342667}
  - {fileID: 1750544941086198204}
  - {fileID: 5590493555312790430}
  - {fileID: 1388111141502623586}
  - {fileID: 5322637389027073402}
  - {fileID: 2700550319080025920}
  - {fileID: 5929243184060942436}
  m_Father: {fileID: 0}
  m_RootOrder: 0
  m_LocalEulerAnglesHint: {x: 0, y: 0, z: 0}
--- !u!1 &8514560058691435595
GameObject:
  m_ObjectHideFlags: 0
  m_CorrespondingSourceObject: {fileID: 0}
  m_PrefabInstance: {fileID: 0}
  m_PrefabAsset: {fileID: 0}
  serializedVersion: 6
  m_Component:
  - component: {fileID: 8514560058691435599}
  - component: {fileID: 8514560058691435592}
  - component: {fileID: 8514560058691435593}
  - component: {fileID: 8514560058691435594}
  m_Layer: 0
  m_Name: workshop_pallet_ver_1
  m_TagString: Untagged
  m_Icon: {fileID: 0}
  m_NavMeshLayer: 0
  m_StaticEditorFlags: 0
  m_IsActive: 1
--- !u!4 &8514560058691435599
Transform:
  m_ObjectHideFlags: 0
  m_CorrespondingSourceObject: {fileID: 0}
  m_PrefabInstance: {fileID: 0}
  m_PrefabAsset: {fileID: 0}
  m_GameObject: {fileID: 8514560058691435595}
  m_LocalRotation: {x: -0, y: -0, z: -0, w: 1}
  m_LocalPosition: {x: 0.04781246, y: -0.1917786, z: 0.50861883}
  m_LocalScale: {x: 1.8792851, y: 0.7383043, z: 0.037057105}
  m_Children: []
  m_Father: {fileID: 2807099363780370380}
  m_RootOrder: 0
  m_LocalEulerAnglesHint: {x: 0, y: 0, z: 0}
--- !u!33 &8514560058691435592
MeshFilter:
  m_ObjectHideFlags: 0
  m_CorrespondingSourceObject: {fileID: 0}
  m_PrefabInstance: {fileID: 0}
  m_PrefabAsset: {fileID: 0}
  m_GameObject: {fileID: 8514560058691435595}
  m_Mesh: {fileID: 10202, guid: 0000000000000000e000000000000000, type: 0}
--- !u!23 &8514560058691435593
MeshRenderer:
  m_ObjectHideFlags: 0
  m_CorrespondingSourceObject: {fileID: 0}
  m_PrefabInstance: {fileID: 0}
  m_PrefabAsset: {fileID: 0}
  m_GameObject: {fileID: 8514560058691435595}
  m_Enabled: 1
  m_CastShadows: 1
  m_ReceiveShadows: 1
  m_DynamicOccludee: 1
  m_MotionVectors: 1
  m_LightProbeUsage: 1
  m_ReflectionProbeUsage: 1
  m_RayTracingMode: 2
  m_RayTraceProcedural: 0
  m_RenderingLayerMask: 1
  m_RendererPriority: 0
  m_Materials:
  - {fileID: 2100000, guid: 5b87cd9cac7a2b14d8194b35252c686e, type: 2}
  m_StaticBatchInfo:
    firstSubMesh: 0
    subMeshCount: 0
  m_StaticBatchRoot: {fileID: 0}
  m_ProbeAnchor: {fileID: 0}
  m_LightProbeVolumeOverride: {fileID: 0}
  m_ScaleInLightmap: 1
  m_ReceiveGI: 1
  m_PreserveUVs: 0
  m_IgnoreNormalsForChartDetection: 0
  m_ImportantGI: 0
  m_StitchLightmapSeams: 1
  m_SelectedEditorRenderState: 3
  m_MinimumChartSize: 4
  m_AutoUVMaxDistance: 0.5
  m_AutoUVMaxAngle: 89
  m_LightmapParameters: {fileID: 0}
  m_SortingLayerID: 0
  m_SortingLayer: 0
  m_SortingOrder: 0
  m_AdditionalVertexStreams: {fileID: 0}
--- !u!65 &8514560058691435594
BoxCollider:
  m_ObjectHideFlags: 0
  m_CorrespondingSourceObject: {fileID: 0}
  m_PrefabInstance: {fileID: 0}
  m_PrefabAsset: {fileID: 0}
  m_GameObject: {fileID: 8514560058691435595}
  m_Material: {fileID: 0}
  m_IsTrigger: 0
  m_Enabled: 1
  serializedVersion: 2
  m_Size: {x: 1, y: 1, z: 1}
  m_Center: {x: 0, y: 0, z: 0}
--- !u!1001 &58741806361067315
PrefabInstance:
  m_ObjectHideFlags: 0
  serializedVersion: 2
  m_Modification:
    m_TransformParent: {fileID: 2807099363780370380}
    m_Modifications:
    - target: {fileID: 1410540266390757457, guid: b56efdfa7475d474b8e33c72ca91a0af, type: 3}
      propertyPath: m_LocalPosition.x
      value: 0.70466423
      objectReference: {fileID: 0}
    - target: {fileID: 1410540266390757457, guid: b56efdfa7475d474b8e33c72ca91a0af, type: 3}
      propertyPath: m_LocalPosition.y
      value: 0.069027185
      objectReference: {fileID: 0}
    - target: {fileID: 1410540266390757457, guid: b56efdfa7475d474b8e33c72ca91a0af, type: 3}
      propertyPath: m_LocalPosition.z
      value: 0.48761892
      objectReference: {fileID: 0}
    - target: {fileID: 1410540266390757457, guid: b56efdfa7475d474b8e33c72ca91a0af, type: 3}
      propertyPath: m_LocalRotation.x
      value: -0
      objectReference: {fileID: 0}
    - target: {fileID: 1410540266390757457, guid: b56efdfa7475d474b8e33c72ca91a0af, type: 3}
      propertyPath: m_LocalRotation.y
      value: -0
      objectReference: {fileID: 0}
    - target: {fileID: 1410540266390757457, guid: b56efdfa7475d474b8e33c72ca91a0af, type: 3}
      propertyPath: m_LocalRotation.z
      value: -0
      objectReference: {fileID: 0}
    - target: {fileID: 1410540266390757457, guid: b56efdfa7475d474b8e33c72ca91a0af, type: 3}
      propertyPath: m_LocalRotation.w
      value: 1
      objectReference: {fileID: 0}
    - target: {fileID: 1410540266390757457, guid: b56efdfa7475d474b8e33c72ca91a0af, type: 3}
      propertyPath: m_RootOrder
      value: 8
      objectReference: {fileID: 0}
    - target: {fileID: 1410540266390757457, guid: b56efdfa7475d474b8e33c72ca91a0af, type: 3}
      propertyPath: m_LocalEulerAnglesHint.x
      value: 0
      objectReference: {fileID: 0}
    - target: {fileID: 1410540266390757457, guid: b56efdfa7475d474b8e33c72ca91a0af, type: 3}
      propertyPath: m_LocalEulerAnglesHint.y
      value: 0
      objectReference: {fileID: 0}
    - target: {fileID: 1410540266390757457, guid: b56efdfa7475d474b8e33c72ca91a0af, type: 3}
      propertyPath: m_LocalEulerAnglesHint.z
      value: 0
      objectReference: {fileID: 0}
    - target: {fileID: 1410540266390757457, guid: b56efdfa7475d474b8e33c72ca91a0af, type: 3}
      propertyPath: m_LocalScale.y
      value: 0.061932847
      objectReference: {fileID: 0}
    - target: {fileID: 1410540266390757457, guid: b56efdfa7475d474b8e33c72ca91a0af, type: 3}
      propertyPath: m_LocalScale.x
      value: 0.047960173
      objectReference: {fileID: 0}
    - target: {fileID: 1410540266390757457, guid: b56efdfa7475d474b8e33c72ca91a0af, type: 3}
      propertyPath: m_LocalScale.z
      value: 0.031348273
      objectReference: {fileID: 0}
    - target: {fileID: 1790442855708981995, guid: b56efdfa7475d474b8e33c72ca91a0af, type: 3}
      propertyPath: m_Name
      value: kids scissors (1)
      objectReference: {fileID: 0}
    m_RemovedComponents: []
  m_SourcePrefab: {fileID: 100100000, guid: b56efdfa7475d474b8e33c72ca91a0af, type: 3}
--- !u!4 &1388111141502623586 stripped
Transform:
  m_CorrespondingSourceObject: {fileID: 1410540266390757457, guid: b56efdfa7475d474b8e33c72ca91a0af, type: 3}
  m_PrefabInstance: {fileID: 58741806361067315}
  m_PrefabAsset: {fileID: 0}
--- !u!1001 &833425608286449150
PrefabInstance:
  m_ObjectHideFlags: 0
  serializedVersion: 2
  m_Modification:
    m_TransformParent: {fileID: 2807099363780370380}
    m_Modifications:
    - target: {fileID: 2655817606433378672, guid: 3320afcd04b1e324a9ce3533eb3e462c, type: 3}
      propertyPath: m_LocalPosition.x
      value: -0.22298908
      objectReference: {fileID: 0}
    - target: {fileID: 2655817606433378672, guid: 3320afcd04b1e324a9ce3533eb3e462c, type: 3}
      propertyPath: m_LocalPosition.y
      value: -0.041112483
      objectReference: {fileID: 0}
    - target: {fileID: 2655817606433378672, guid: 3320afcd04b1e324a9ce3533eb3e462c, type: 3}
      propertyPath: m_LocalPosition.z
      value: 0.40261889
      objectReference: {fileID: 0}
    - target: {fileID: 2655817606433378672, guid: 3320afcd04b1e324a9ce3533eb3e462c, type: 3}
      propertyPath: m_LocalRotation.x
      value: -0.00000019060886
      objectReference: {fileID: 0}
    - target: {fileID: 2655817606433378672, guid: 3320afcd04b1e324a9ce3533eb3e462c, type: 3}
      propertyPath: m_LocalRotation.y
      value: -0.99144495
      objectReference: {fileID: 0}
    - target: {fileID: 2655817606433378672, guid: 3320afcd04b1e324a9ce3533eb3e462c, type: 3}
      propertyPath: m_LocalRotation.z
      value: 0.13052596
      objectReference: {fileID: 0}
    - target: {fileID: 2655817606433378672, guid: 3320afcd04b1e324a9ce3533eb3e462c, type: 3}
      propertyPath: m_LocalRotation.w
      value: 0.0000014478208
      objectReference: {fileID: 0}
    - target: {fileID: 2655817606433378672, guid: 3320afcd04b1e324a9ce3533eb3e462c, type: 3}
      propertyPath: m_RootOrder
      value: 1
      objectReference: {fileID: 0}
    - target: {fileID: 2655817606433378672, guid: 3320afcd04b1e324a9ce3533eb3e462c, type: 3}
      propertyPath: m_LocalEulerAnglesHint.x
      value: 15
      objectReference: {fileID: 0}
    - target: {fileID: 2655817606433378672, guid: 3320afcd04b1e324a9ce3533eb3e462c, type: 3}
      propertyPath: m_LocalEulerAnglesHint.y
      value: -180
      objectReference: {fileID: 0}
    - target: {fileID: 2655817606433378672, guid: 3320afcd04b1e324a9ce3533eb3e462c, type: 3}
      propertyPath: m_LocalEulerAnglesHint.z
      value: 0
      objectReference: {fileID: 0}
    - target: {fileID: 3427393961575107530, guid: 3320afcd04b1e324a9ce3533eb3e462c, type: 3}
      propertyPath: m_Name
      value: GasMask
      objectReference: {fileID: 0}
    m_RemovedComponents: []
  m_SourcePrefab: {fileID: 100100000, guid: 3320afcd04b1e324a9ce3533eb3e462c, type: 3}
--- !u!4 &3408011222087384206 stripped
Transform:
  m_CorrespondingSourceObject: {fileID: 2655817606433378672, guid: 3320afcd04b1e324a9ce3533eb3e462c, type: 3}
  m_PrefabInstance: {fileID: 833425608286449150}
  m_PrefabAsset: {fileID: 0}
--- !u!1001 &2589555424910095769
PrefabInstance:
  m_ObjectHideFlags: 0
  serializedVersion: 2
  m_Modification:
    m_TransformParent: {fileID: 2807099363780370380}
    m_Modifications:
    - target: {fileID: 474490692524481241, guid: b6367c7ad9561bd44b3cd96f389d81e9, type: 3}
      propertyPath: m_LocalPosition.x
      value: 0.53466415
      objectReference: {fileID: 0}
    - target: {fileID: 474490692524481241, guid: b6367c7ad9561bd44b3cd96f389d81e9, type: 3}
      propertyPath: m_LocalPosition.y
      value: -0.18872166
      objectReference: {fileID: 0}
    - target: {fileID: 474490692524481241, guid: b6367c7ad9561bd44b3cd96f389d81e9, type: 3}
      propertyPath: m_LocalPosition.z
      value: 0.5501013
      objectReference: {fileID: 0}
    - target: {fileID: 474490692524481241, guid: b6367c7ad9561bd44b3cd96f389d81e9, type: 3}
      propertyPath: m_LocalRotation.x
      value: -0
      objectReference: {fileID: 0}
    - target: {fileID: 474490692524481241, guid: b6367c7ad9561bd44b3cd96f389d81e9, type: 3}
      propertyPath: m_LocalRotation.y
      value: 1
      objectReference: {fileID: 0}
    - target: {fileID: 474490692524481241, guid: b6367c7ad9561bd44b3cd96f389d81e9, type: 3}
      propertyPath: m_LocalRotation.z
      value: -0
      objectReference: {fileID: 0}
    - target: {fileID: 474490692524481241, guid: b6367c7ad9561bd44b3cd96f389d81e9, type: 3}
      propertyPath: m_LocalRotation.w
      value: 0.0000029504295
      objectReference: {fileID: 0}
    - target: {fileID: 474490692524481241, guid: b6367c7ad9561bd44b3cd96f389d81e9, type: 3}
      propertyPath: m_RootOrder
      value: 10
      objectReference: {fileID: 0}
    - target: {fileID: 474490692524481241, guid: b6367c7ad9561bd44b3cd96f389d81e9, type: 3}
      propertyPath: m_LocalEulerAnglesHint.x
      value: 0
      objectReference: {fileID: 0}
    - target: {fileID: 474490692524481241, guid: b6367c7ad9561bd44b3cd96f389d81e9, type: 3}
      propertyPath: m_LocalEulerAnglesHint.y
      value: 180
      objectReference: {fileID: 0}
    - target: {fileID: 474490692524481241, guid: b6367c7ad9561bd44b3cd96f389d81e9, type: 3}
      propertyPath: m_LocalEulerAnglesHint.z
      value: 0
      objectReference: {fileID: 0}
    - target: {fileID: 581361375701839166, guid: b6367c7ad9561bd44b3cd96f389d81e9, type: 3}
      propertyPath: m_Name
      value: Knife_Set (1)
      objectReference: {fileID: 0}
    m_RemovedComponents: []
  m_SourcePrefab: {fileID: 100100000, guid: b6367c7ad9561bd44b3cd96f389d81e9, type: 3}
--- !u!4 &2700550319080025920 stripped
Transform:
  m_CorrespondingSourceObject: {fileID: 474490692524481241, guid: b6367c7ad9561bd44b3cd96f389d81e9, type: 3}
  m_PrefabInstance: {fileID: 2589555424910095769}
  m_PrefabAsset: {fileID: 0}
--- !u!1001 &3876387872293117491
PrefabInstance:
  m_ObjectHideFlags: 0
  serializedVersion: 2
  m_Modification:
    m_TransformParent: {fileID: 2807099363780370380}
    m_Modifications:
    - target: {fileID: 3278793573954390959, guid: e7a969cfb9444344b814b7e869c5fbe2, type: 3}
      propertyPath: m_Name
      value: Hammer_Prop Variant (1)
      objectReference: {fileID: 0}
    - target: {fileID: 3278793573954557839, guid: e7a969cfb9444344b814b7e869c5fbe2, type: 3}
      propertyPath: m_LocalPosition.x
      value: -0.5633364
      objectReference: {fileID: 0}
    - target: {fileID: 3278793573954557839, guid: e7a969cfb9444344b814b7e869c5fbe2, type: 3}
      propertyPath: m_LocalPosition.y
      value: -0.22835279
      objectReference: {fileID: 0}
    - target: {fileID: 3278793573954557839, guid: e7a969cfb9444344b814b7e869c5fbe2, type: 3}
      propertyPath: m_LocalPosition.z
      value: 0.486619
      objectReference: {fileID: 0}
    - target: {fileID: 3278793573954557839, guid: e7a969cfb9444344b814b7e869c5fbe2, type: 3}
      propertyPath: m_LocalRotation.x
      value: 0.70710784
      objectReference: {fileID: 0}
    - target: {fileID: 3278793573954557839, guid: e7a969cfb9444344b814b7e869c5fbe2, type: 3}
      propertyPath: m_LocalRotation.y
      value: 0.70710576
      objectReference: {fileID: 0}
    - target: {fileID: 3278793573954557839, guid: e7a969cfb9444344b814b7e869c5fbe2, type: 3}
      propertyPath: m_LocalRotation.z
      value: 0.0000020862658
      objectReference: {fileID: 0}
    - target: {fileID: 3278793573954557839, guid: e7a969cfb9444344b814b7e869c5fbe2, type: 3}
      propertyPath: m_LocalRotation.w
      value: 0.000002086272
      objectReference: {fileID: 0}
    - target: {fileID: 3278793573954557839, guid: e7a969cfb9444344b814b7e869c5fbe2, type: 3}
      propertyPath: m_RootOrder
      value: 6
      objectReference: {fileID: 0}
    - target: {fileID: 3278793573954557839, guid: e7a969cfb9444344b814b7e869c5fbe2, type: 3}
      propertyPath: m_LocalEulerAnglesHint.x
      value: 180
      objectReference: {fileID: 0}
    - target: {fileID: 3278793573954557839, guid: e7a969cfb9444344b814b7e869c5fbe2, type: 3}
      propertyPath: m_LocalEulerAnglesHint.y
      value: 0
      objectReference: {fileID: 0}
    - target: {fileID: 3278793573954557839, guid: e7a969cfb9444344b814b7e869c5fbe2, type: 3}
      propertyPath: m_LocalEulerAnglesHint.z
      value: -90
      objectReference: {fileID: 0}
    - target: {fileID: 3278793573954557839, guid: e7a969cfb9444344b814b7e869c5fbe2, type: 3}
      propertyPath: m_LocalScale.x
      value: 0.78
      objectReference: {fileID: 0}
    - target: {fileID: 3278793573954557839, guid: e7a969cfb9444344b814b7e869c5fbe2, type: 3}
      propertyPath: m_LocalScale.y
      value: 0.78
      objectReference: {fileID: 0}
    - target: {fileID: 3278793573954557839, guid: e7a969cfb9444344b814b7e869c5fbe2, type: 3}
      propertyPath: m_LocalScale.z
      value: 0.78
      objectReference: {fileID: 0}
    m_RemovedComponents: []
  m_SourcePrefab: {fileID: 100100000, guid: e7a969cfb9444344b814b7e869c5fbe2, type: 3}
--- !u!4 &1750544941086198204 stripped
Transform:
  m_CorrespondingSourceObject: {fileID: 3278793573954557839, guid: e7a969cfb9444344b814b7e869c5fbe2, type: 3}
  m_PrefabInstance: {fileID: 3876387872293117491}
  m_PrefabAsset: {fileID: 0}
--- !u!1001 &5970993841426814651
PrefabInstance:
  m_ObjectHideFlags: 0
  serializedVersion: 2
  m_Modification:
    m_TransformParent: {fileID: 2807099363780370380}
    m_Modifications:
    - target: {fileID: 2655817606433378672, guid: 3320afcd04b1e324a9ce3533eb3e462c, type: 3}
      propertyPath: m_LocalPosition.x
      value: 0.27701092
      objectReference: {fileID: 0}
    - target: {fileID: 2655817606433378672, guid: 3320afcd04b1e324a9ce3533eb3e462c, type: 3}
      propertyPath: m_LocalPosition.y
      value: -0.041112483
      objectReference: {fileID: 0}
    - target: {fileID: 2655817606433378672, guid: 3320afcd04b1e324a9ce3533eb3e462c, type: 3}
      propertyPath: m_LocalPosition.z
      value: 0.40261889
      objectReference: {fileID: 0}
    - target: {fileID: 2655817606433378672, guid: 3320afcd04b1e324a9ce3533eb3e462c, type: 3}
      propertyPath: m_LocalRotation.x
      value: -0.00000019060886
      objectReference: {fileID: 0}
    - target: {fileID: 2655817606433378672, guid: 3320afcd04b1e324a9ce3533eb3e462c, type: 3}
      propertyPath: m_LocalRotation.y
      value: -0.99144495
      objectReference: {fileID: 0}
    - target: {fileID: 2655817606433378672, guid: 3320afcd04b1e324a9ce3533eb3e462c, type: 3}
      propertyPath: m_LocalRotation.z
      value: 0.13052596
      objectReference: {fileID: 0}
    - target: {fileID: 2655817606433378672, guid: 3320afcd04b1e324a9ce3533eb3e462c, type: 3}
      propertyPath: m_LocalRotation.w
      value: 0.0000014478208
      objectReference: {fileID: 0}
    - target: {fileID: 2655817606433378672, guid: 3320afcd04b1e324a9ce3533eb3e462c, type: 3}
      propertyPath: m_RootOrder
      value: 5
      objectReference: {fileID: 0}
    - target: {fileID: 2655817606433378672, guid: 3320afcd04b1e324a9ce3533eb3e462c, type: 3}
      propertyPath: m_LocalEulerAnglesHint.x
      value: 15
      objectReference: {fileID: 0}
    - target: {fileID: 2655817606433378672, guid: 3320afcd04b1e324a9ce3533eb3e462c, type: 3}
      propertyPath: m_LocalEulerAnglesHint.y
      value: -180
      objectReference: {fileID: 0}
    - target: {fileID: 2655817606433378672, guid: 3320afcd04b1e324a9ce3533eb3e462c, type: 3}
      propertyPath: m_LocalEulerAnglesHint.z
      value: 0
      objectReference: {fileID: 0}
    - target: {fileID: 3427393961575107530, guid: 3320afcd04b1e324a9ce3533eb3e462c, type: 3}
      propertyPath: m_Name
      value: GasMask (2)
      objectReference: {fileID: 0}
    m_RemovedComponents: []
  m_SourcePrefab: {fileID: 100100000, guid: 3320afcd04b1e324a9ce3533eb3e462c, type: 3}
--- !u!4 &8504598513357342667 stripped
Transform:
  m_CorrespondingSourceObject: {fileID: 2655817606433378672, guid: 3320afcd04b1e324a9ce3533eb3e462c, type: 3}
  m_PrefabInstance: {fileID: 5970993841426814651}
  m_PrefabAsset: {fileID: 0}
--- !u!1001 &6507402837418376491
PrefabInstance:
  m_ObjectHideFlags: 0
  serializedVersion: 2
  m_Modification:
    m_TransformParent: {fileID: 2807099363780370380}
    m_Modifications:
    - target: {fileID: 1410540266390757457, guid: b56efdfa7475d474b8e33c72ca91a0af, type: 3}
      propertyPath: m_LocalPosition.x
      value: 0.59366417
      objectReference: {fileID: 0}
    - target: {fileID: 1410540266390757457, guid: b56efdfa7475d474b8e33c72ca91a0af, type: 3}
      propertyPath: m_LocalPosition.y
      value: 0.069027185
      objectReference: {fileID: 0}
    - target: {fileID: 1410540266390757457, guid: b56efdfa7475d474b8e33c72ca91a0af, type: 3}
      propertyPath: m_LocalPosition.z
      value: 0.48761892
      objectReference: {fileID: 0}
    - target: {fileID: 1410540266390757457, guid: b56efdfa7475d474b8e33c72ca91a0af, type: 3}
      propertyPath: m_LocalRotation.x
      value: -0
      objectReference: {fileID: 0}
    - target: {fileID: 1410540266390757457, guid: b56efdfa7475d474b8e33c72ca91a0af, type: 3}
      propertyPath: m_LocalRotation.y
      value: -0
      objectReference: {fileID: 0}
    - target: {fileID: 1410540266390757457, guid: b56efdfa7475d474b8e33c72ca91a0af, type: 3}
      propertyPath: m_LocalRotation.z
      value: -0
      objectReference: {fileID: 0}
    - target: {fileID: 1410540266390757457, guid: b56efdfa7475d474b8e33c72ca91a0af, type: 3}
      propertyPath: m_LocalRotation.w
      value: 1
      objectReference: {fileID: 0}
    - target: {fileID: 1410540266390757457, guid: b56efdfa7475d474b8e33c72ca91a0af, type: 3}
      propertyPath: m_RootOrder
      value: 9
      objectReference: {fileID: 0}
    - target: {fileID: 1410540266390757457, guid: b56efdfa7475d474b8e33c72ca91a0af, type: 3}
      propertyPath: m_LocalEulerAnglesHint.x
      value: 0
      objectReference: {fileID: 0}
    - target: {fileID: 1410540266390757457, guid: b56efdfa7475d474b8e33c72ca91a0af, type: 3}
      propertyPath: m_LocalEulerAnglesHint.y
      value: 0
      objectReference: {fileID: 0}
    - target: {fileID: 1410540266390757457, guid: b56efdfa7475d474b8e33c72ca91a0af, type: 3}
      propertyPath: m_LocalEulerAnglesHint.z
      value: 0
      objectReference: {fileID: 0}
    - target: {fileID: 1410540266390757457, guid: b56efdfa7475d474b8e33c72ca91a0af, type: 3}
      propertyPath: m_LocalScale.y
      value: 0.061932847
      objectReference: {fileID: 0}
    - target: {fileID: 1410540266390757457, guid: b56efdfa7475d474b8e33c72ca91a0af, type: 3}
      propertyPath: m_LocalScale.x
      value: 0.047960173
      objectReference: {fileID: 0}
    - target: {fileID: 1410540266390757457, guid: b56efdfa7475d474b8e33c72ca91a0af, type: 3}
      propertyPath: m_LocalScale.z
      value: 0.031348273
      objectReference: {fileID: 0}
    - target: {fileID: 1790442855708981995, guid: b56efdfa7475d474b8e33c72ca91a0af, type: 3}
      propertyPath: m_Name
      value: kids scissors (2)
      objectReference: {fileID: 0}
    m_RemovedComponents: []
  m_SourcePrefab: {fileID: 100100000, guid: b56efdfa7475d474b8e33c72ca91a0af, type: 3}
--- !u!4 &5322637389027073402 stripped
Transform:
  m_CorrespondingSourceObject: {fileID: 1410540266390757457, guid: b56efdfa7475d474b8e33c72ca91a0af, type: 3}
  m_PrefabInstance: {fileID: 6507402837418376491}
  m_PrefabAsset: {fileID: 0}
--- !u!1001 &6923705151570222097
PrefabInstance:
  m_ObjectHideFlags: 0
  serializedVersion: 2
  m_Modification:
    m_TransformParent: {fileID: 2807099363780370380}
    m_Modifications:
    - target: {fileID: 3278793573954390959, guid: e7a969cfb9444344b814b7e869c5fbe2, type: 3}
      propertyPath: m_Name
      value: Hammer_Prop Variant (2)
      objectReference: {fileID: 0}
    - target: {fileID: 3278793573954557839, guid: e7a969cfb9444344b814b7e869c5fbe2, type: 3}
      propertyPath: m_LocalPosition.x
      value: -0.45433617
      objectReference: {fileID: 0}
    - target: {fileID: 3278793573954557839, guid: e7a969cfb9444344b814b7e869c5fbe2, type: 3}
      propertyPath: m_LocalPosition.y
      value: -0.22837281
      objectReference: {fileID: 0}
    - target: {fileID: 3278793573954557839, guid: e7a969cfb9444344b814b7e869c5fbe2, type: 3}
      propertyPath: m_LocalPosition.z
      value: 0.486619
      objectReference: {fileID: 0}
    - target: {fileID: 3278793573954557839, guid: e7a969cfb9444344b814b7e869c5fbe2, type: 3}
      propertyPath: m_LocalRotation.x
      value: 0.70710784
      objectReference: {fileID: 0}
    - target: {fileID: 3278793573954557839, guid: e7a969cfb9444344b814b7e869c5fbe2, type: 3}
      propertyPath: m_LocalRotation.y
      value: 0.70710576
      objectReference: {fileID: 0}
    - target: {fileID: 3278793573954557839, guid: e7a969cfb9444344b814b7e869c5fbe2, type: 3}
      propertyPath: m_LocalRotation.z
      value: 0.0000020862658
      objectReference: {fileID: 0}
    - target: {fileID: 3278793573954557839, guid: e7a969cfb9444344b814b7e869c5fbe2, type: 3}
      propertyPath: m_LocalRotation.w
      value: 0.000002086272
      objectReference: {fileID: 0}
    - target: {fileID: 3278793573954557839, guid: e7a969cfb9444344b814b7e869c5fbe2, type: 3}
      propertyPath: m_RootOrder
      value: 7
      objectReference: {fileID: 0}
    - target: {fileID: 3278793573954557839, guid: e7a969cfb9444344b814b7e869c5fbe2, type: 3}
      propertyPath: m_LocalEulerAnglesHint.x
      value: 180
      objectReference: {fileID: 0}
    - target: {fileID: 3278793573954557839, guid: e7a969cfb9444344b814b7e869c5fbe2, type: 3}
      propertyPath: m_LocalEulerAnglesHint.y
      value: 0
      objectReference: {fileID: 0}
    - target: {fileID: 3278793573954557839, guid: e7a969cfb9444344b814b7e869c5fbe2, type: 3}
      propertyPath: m_LocalEulerAnglesHint.z
      value: -90
      objectReference: {fileID: 0}
    - target: {fileID: 3278793573954557839, guid: e7a969cfb9444344b814b7e869c5fbe2, type: 3}
      propertyPath: m_LocalScale.x
      value: 0.5330754
      objectReference: {fileID: 0}
    - target: {fileID: 3278793573954557839, guid: e7a969cfb9444344b814b7e869c5fbe2, type: 3}
      propertyPath: m_LocalScale.y
      value: 0.5330754
      objectReference: {fileID: 0}
    - target: {fileID: 3278793573954557839, guid: e7a969cfb9444344b814b7e869c5fbe2, type: 3}
      propertyPath: m_LocalScale.z
      value: 0.5330754
      objectReference: {fileID: 0}
    m_RemovedComponents: []
  m_SourcePrefab: {fileID: 100100000, guid: e7a969cfb9444344b814b7e869c5fbe2, type: 3}
--- !u!4 &5590493555312790430 stripped
Transform:
  m_CorrespondingSourceObject: {fileID: 3278793573954557839, guid: e7a969cfb9444344b814b7e869c5fbe2, type: 3}
  m_PrefabInstance: {fileID: 6923705151570222097}
  m_PrefabAsset: {fileID: 0}
--- !u!1001 &7917400475270045399
PrefabInstance:
  m_ObjectHideFlags: 0
  serializedVersion: 2
  m_Modification:
    m_TransformParent: {fileID: 2807099363780370380}
    m_Modifications:
    - target: {fileID: 3278793573954390959, guid: e7a969cfb9444344b814b7e869c5fbe2, type: 3}
      propertyPath: m_Name
      value: Hammer_Prop Variant
      objectReference: {fileID: 0}
    - target: {fileID: 3278793573954557839, guid: e7a969cfb9444344b814b7e869c5fbe2, type: 3}
      propertyPath: m_LocalPosition.x
      value: -0.673336
      objectReference: {fileID: 0}
    - target: {fileID: 3278793573954557839, guid: e7a969cfb9444344b814b7e869c5fbe2, type: 3}
      propertyPath: m_LocalPosition.y
      value: -0.22833508
      objectReference: {fileID: 0}
    - target: {fileID: 3278793573954557839, guid: e7a969cfb9444344b814b7e869c5fbe2, type: 3}
      propertyPath: m_LocalPosition.z
      value: 0.486619
      objectReference: {fileID: 0}
    - target: {fileID: 3278793573954557839, guid: e7a969cfb9444344b814b7e869c5fbe2, type: 3}
      propertyPath: m_LocalRotation.x
      value: 0.70710784
      objectReference: {fileID: 0}
    - target: {fileID: 3278793573954557839, guid: e7a969cfb9444344b814b7e869c5fbe2, type: 3}
      propertyPath: m_LocalRotation.y
      value: 0.70710576
      objectReference: {fileID: 0}
    - target: {fileID: 3278793573954557839, guid: e7a969cfb9444344b814b7e869c5fbe2, type: 3}
      propertyPath: m_LocalRotation.z
      value: 0.0000020862658
      objectReference: {fileID: 0}
    - target: {fileID: 3278793573954557839, guid: e7a969cfb9444344b814b7e869c5fbe2, type: 3}
      propertyPath: m_LocalRotation.w
      value: 0.000002086272
      objectReference: {fileID: 0}
    - target: {fileID: 3278793573954557839, guid: e7a969cfb9444344b814b7e869c5fbe2, type: 3}
      propertyPath: m_RootOrder
      value: 3
      objectReference: {fileID: 0}
    - target: {fileID: 3278793573954557839, guid: e7a969cfb9444344b814b7e869c5fbe2, type: 3}
      propertyPath: m_LocalEulerAnglesHint.x
      value: 180
      objectReference: {fileID: 0}
    - target: {fileID: 3278793573954557839, guid: e7a969cfb9444344b814b7e869c5fbe2, type: 3}
      propertyPath: m_LocalEulerAnglesHint.y
      value: 0
      objectReference: {fileID: 0}
    - target: {fileID: 3278793573954557839, guid: e7a969cfb9444344b814b7e869c5fbe2, type: 3}
      propertyPath: m_LocalEulerAnglesHint.z
      value: -90
      objectReference: {fileID: 0}
    m_RemovedComponents: []
  m_SourcePrefab: {fileID: 100100000, guid: e7a969cfb9444344b814b7e869c5fbe2, type: 3}
--- !u!4 &4638950241102448984 stripped
Transform:
  m_CorrespondingSourceObject: {fileID: 3278793573954557839, guid: e7a969cfb9444344b814b7e869c5fbe2, type: 3}
  m_PrefabInstance: {fileID: 7917400475270045399}
  m_PrefabAsset: {fileID: 0}
--- !u!1001 &7940021742282285147
PrefabInstance:
  m_ObjectHideFlags: 0
  serializedVersion: 2
  m_Modification:
    m_TransformParent: {fileID: 2807099363780370380}
    m_Modifications:
    - target: {fileID: 1410540266390757457, guid: b56efdfa7475d474b8e33c72ca91a0af, type: 3}
      propertyPath: m_LocalPosition.x
      value: 0.819664
      objectReference: {fileID: 0}
    - target: {fileID: 1410540266390757457, guid: b56efdfa7475d474b8e33c72ca91a0af, type: 3}
      propertyPath: m_LocalPosition.y
      value: 0.069027185
      objectReference: {fileID: 0}
    - target: {fileID: 1410540266390757457, guid: b56efdfa7475d474b8e33c72ca91a0af, type: 3}
      propertyPath: m_LocalPosition.z
      value: 0.48761892
      objectReference: {fileID: 0}
    - target: {fileID: 1410540266390757457, guid: b56efdfa7475d474b8e33c72ca91a0af, type: 3}
      propertyPath: m_LocalRotation.x
      value: -0
      objectReference: {fileID: 0}
    - target: {fileID: 1410540266390757457, guid: b56efdfa7475d474b8e33c72ca91a0af, type: 3}
      propertyPath: m_LocalRotation.y
      value: -0
      objectReference: {fileID: 0}
    - target: {fileID: 1410540266390757457, guid: b56efdfa7475d474b8e33c72ca91a0af, type: 3}
      propertyPath: m_LocalRotation.z
      value: -0
      objectReference: {fileID: 0}
    - target: {fileID: 1410540266390757457, guid: b56efdfa7475d474b8e33c72ca91a0af, type: 3}
      propertyPath: m_LocalRotation.w
      value: 1
      objectReference: {fileID: 0}
    - target: {fileID: 1410540266390757457, guid: b56efdfa7475d474b8e33c72ca91a0af, type: 3}
      propertyPath: m_RootOrder
      value: 2
      objectReference: {fileID: 0}
    - target: {fileID: 1410540266390757457, guid: b56efdfa7475d474b8e33c72ca91a0af, type: 3}
      propertyPath: m_LocalEulerAnglesHint.x
      value: 0
      objectReference: {fileID: 0}
    - target: {fileID: 1410540266390757457, guid: b56efdfa7475d474b8e33c72ca91a0af, type: 3}
      propertyPath: m_LocalEulerAnglesHint.y
      value: 0
      objectReference: {fileID: 0}
    - target: {fileID: 1410540266390757457, guid: b56efdfa7475d474b8e33c72ca91a0af, type: 3}
      propertyPath: m_LocalEulerAnglesHint.z
      value: 0
      objectReference: {fileID: 0}
    - target: {fileID: 1410540266390757457, guid: b56efdfa7475d474b8e33c72ca91a0af, type: 3}
      propertyPath: m_LocalScale.y
      value: 0.061932847
      objectReference: {fileID: 0}
    - target: {fileID: 1410540266390757457, guid: b56efdfa7475d474b8e33c72ca91a0af, type: 3}
      propertyPath: m_LocalScale.x
      value: 0.047960173
      objectReference: {fileID: 0}
    - target: {fileID: 1410540266390757457, guid: b56efdfa7475d474b8e33c72ca91a0af, type: 3}
      propertyPath: m_LocalScale.z
      value: 0.031348273
      objectReference: {fileID: 0}
    - target: {fileID: 1790442855708981995, guid: b56efdfa7475d474b8e33c72ca91a0af, type: 3}
      propertyPath: m_Name
      value: kids scissors
      objectReference: {fileID: 0}
    m_RemovedComponents: []
  m_SourcePrefab: {fileID: 100100000, guid: b56efdfa7475d474b8e33c72ca91a0af, type: 3}
--- !u!4 &9053257053766025226 stripped
Transform:
  m_CorrespondingSourceObject: {fileID: 1410540266390757457, guid: b56efdfa7475d474b8e33c72ca91a0af, type: 3}
  m_PrefabInstance: {fileID: 7940021742282285147}
  m_PrefabAsset: {fileID: 0}
--- !u!1001 &8514560058629553949
PrefabInstance:
  m_ObjectHideFlags: 0
  serializedVersion: 2
  m_Modification:
    m_TransformParent: {fileID: 2807099363780370380}
    m_Modifications:
    - target: {fileID: 474490692524481241, guid: b6367c7ad9561bd44b3cd96f389d81e9, type: 3}
      propertyPath: m_LocalPosition.x
      value: 0.73466396
      objectReference: {fileID: 0}
    - target: {fileID: 474490692524481241, guid: b6367c7ad9561bd44b3cd96f389d81e9, type: 3}
      propertyPath: m_LocalPosition.y
      value: -0.18872166
      objectReference: {fileID: 0}
    - target: {fileID: 474490692524481241, guid: b6367c7ad9561bd44b3cd96f389d81e9, type: 3}
      propertyPath: m_LocalPosition.z
      value: 0.4262762
      objectReference: {fileID: 0}
    - target: {fileID: 474490692524481241, guid: b6367c7ad9561bd44b3cd96f389d81e9, type: 3}
      propertyPath: m_LocalRotation.x
      value: -0
      objectReference: {fileID: 0}
    - target: {fileID: 474490692524481241, guid: b6367c7ad9561bd44b3cd96f389d81e9, type: 3}
      propertyPath: m_LocalRotation.y
      value: -0
      objectReference: {fileID: 0}
    - target: {fileID: 474490692524481241, guid: b6367c7ad9561bd44b3cd96f389d81e9, type: 3}
      propertyPath: m_LocalRotation.z
      value: -0
      objectReference: {fileID: 0}
    - target: {fileID: 474490692524481241, guid: b6367c7ad9561bd44b3cd96f389d81e9, type: 3}
      propertyPath: m_LocalRotation.w
      value: 1
      objectReference: {fileID: 0}
    - target: {fileID: 474490692524481241, guid: b6367c7ad9561bd44b3cd96f389d81e9, type: 3}
      propertyPath: m_RootOrder
      value: 4
      objectReference: {fileID: 0}
    - target: {fileID: 474490692524481241, guid: b6367c7ad9561bd44b3cd96f389d81e9, type: 3}
      propertyPath: m_LocalEulerAnglesHint.x
      value: 0
      objectReference: {fileID: 0}
    - target: {fileID: 474490692524481241, guid: b6367c7ad9561bd44b3cd96f389d81e9, type: 3}
      propertyPath: m_LocalEulerAnglesHint.y
      value: 0
      objectReference: {fileID: 0}
    - target: {fileID: 474490692524481241, guid: b6367c7ad9561bd44b3cd96f389d81e9, type: 3}
      propertyPath: m_LocalEulerAnglesHint.z
      value: 0
      objectReference: {fileID: 0}
    - target: {fileID: 581361375701839166, guid: b6367c7ad9561bd44b3cd96f389d81e9, type: 3}
      propertyPath: m_Name
      value: Knife_Set
      objectReference: {fileID: 0}
    m_RemovedComponents: []
  m_SourcePrefab: {fileID: 100100000, guid: b6367c7ad9561bd44b3cd96f389d81e9, type: 3}
--- !u!4 &8123492655598495172 stripped
Transform:
  m_CorrespondingSourceObject: {fileID: 474490692524481241, guid: b6367c7ad9561bd44b3cd96f389d81e9, type: 3}
  m_PrefabInstance: {fileID: 8514560058629553949}
  m_PrefabAsset: {fileID: 0}
--- !u!1001 &8544378837430655252
PrefabInstance:
  m_ObjectHideFlags: 0
  serializedVersion: 2
  m_Modification:
    m_TransformParent: {fileID: 2807099363780370380}
    m_Modifications:
    - target: {fileID: 2655817606433378672, guid: 3320afcd04b1e324a9ce3533eb3e462c, type: 3}
      propertyPath: m_LocalPosition.x
      value: 0.027010918
      objectReference: {fileID: 0}
    - target: {fileID: 2655817606433378672, guid: 3320afcd04b1e324a9ce3533eb3e462c, type: 3}
      propertyPath: m_LocalPosition.y
      value: -0.041112483
      objectReference: {fileID: 0}
    - target: {fileID: 2655817606433378672, guid: 3320afcd04b1e324a9ce3533eb3e462c, type: 3}
      propertyPath: m_LocalPosition.z
      value: 0.40261889
      objectReference: {fileID: 0}
    - target: {fileID: 2655817606433378672, guid: 3320afcd04b1e324a9ce3533eb3e462c, type: 3}
      propertyPath: m_LocalRotation.x
      value: -0.00000019060886
      objectReference: {fileID: 0}
    - target: {fileID: 2655817606433378672, guid: 3320afcd04b1e324a9ce3533eb3e462c, type: 3}
      propertyPath: m_LocalRotation.y
      value: -0.99144495
      objectReference: {fileID: 0}
    - target: {fileID: 2655817606433378672, guid: 3320afcd04b1e324a9ce3533eb3e462c, type: 3}
      propertyPath: m_LocalRotation.z
      value: 0.13052596
      objectReference: {fileID: 0}
    - target: {fileID: 2655817606433378672, guid: 3320afcd04b1e324a9ce3533eb3e462c, type: 3}
      propertyPath: m_LocalRotation.w
      value: 0.0000014478208
      objectReference: {fileID: 0}
    - target: {fileID: 2655817606433378672, guid: 3320afcd04b1e324a9ce3533eb3e462c, type: 3}
      propertyPath: m_RootOrder
      value: 11
      objectReference: {fileID: 0}
    - target: {fileID: 2655817606433378672, guid: 3320afcd04b1e324a9ce3533eb3e462c, type: 3}
      propertyPath: m_LocalEulerAnglesHint.x
      value: 15
      objectReference: {fileID: 0}
    - target: {fileID: 2655817606433378672, guid: 3320afcd04b1e324a9ce3533eb3e462c, type: 3}
      propertyPath: m_LocalEulerAnglesHint.y
      value: -180
      objectReference: {fileID: 0}
    - target: {fileID: 2655817606433378672, guid: 3320afcd04b1e324a9ce3533eb3e462c, type: 3}
      propertyPath: m_LocalEulerAnglesHint.z
      value: 0
      objectReference: {fileID: 0}
    - target: {fileID: 3427393961575107530, guid: 3320afcd04b1e324a9ce3533eb3e462c, type: 3}
      propertyPath: m_Name
      value: GasMask (1)
      objectReference: {fileID: 0}
    m_RemovedComponents: []
  m_SourcePrefab: {fileID: 100100000, guid: 3320afcd04b1e324a9ce3533eb3e462c, type: 3}
--- !u!4 &5929243184060942436 stripped
Transform:
  m_CorrespondingSourceObject: {fileID: 2655817606433378672, guid: 3320afcd04b1e324a9ce3533eb3e462c, type: 3}
  m_PrefabInstance: {fileID: 8544378837430655252}
  m_PrefabAsset: {fileID: 0}
