%YAML 1.1
%TAG !u! tag:unity3d.com,2011:
--- !u!65 &8544520768087306267
BoxCollider:
  m_ObjectHideFlags: 0
  m_CorrespondingSourceObject: {fileID: 0}
  m_PrefabInstance: {fileID: 0}
  m_PrefabAsset: {fileID: 0}
  m_GameObject: {fileID: 1273097597316203731}
  m_Material: {fileID: 0}
  m_IsTrigger: 0
  m_Enabled: 1
  serializedVersion: 2
  m_Size: {x: 1.7609925, y: 0.9188051, z: 0.953316}
  m_Center: {x: -0.000000029802322, y: 0.00000011920929, z: 0.00000032782555}
--- !u!1 &8544520768857499261
GameObject:
  m_ObjectHideFlags: 0
  m_CorrespondingSourceObject: {fileID: 0}
  m_PrefabInstance: {fileID: 0}
  m_PrefabAsset: {fileID: 0}
  serializedVersion: 6
  m_Component:
  - component: {fileID: 8544520768857499260}
  m_Layer: 0
  m_Name: School_Table_Ver_3
  m_TagString: Untagged
  m_Icon: {fileID: 0}
  m_NavMeshLayer: 0
  m_StaticEditorFlags: 0
  m_IsActive: 1
--- !u!4 &8544520768857499260
Transform:
  m_ObjectHideFlags: 0
  m_CorrespondingSourceObject: {fileID: 0}
  m_PrefabInstance: {fileID: 0}
  m_PrefabAsset: {fileID: 0}
  m_GameObject: {fileID: 8544520768857499261}
  m_LocalRotation: {x: 0, y: 0, z: 0, w: 1}
  m_LocalPosition: {x: -42.896, y: 0.47551957, z: -14.868}
  m_LocalScale: {x: 1, y: 1, z: 1}
  m_Children:
  - {fileID: 1936867976412126825}
  - {fileID: 8559573721011956769}
  - {fileID: 4010941937333852358}
  - {fileID: 3076384569388126581}
  - {fileID: 2865771668918579328}
  - {fileID: 6473390272868514901}
  - {fileID: 4093958081322788066}
  m_Father: {fileID: 0}
  m_RootOrder: 0
  m_LocalEulerAnglesHint: {x: 0, y: 0, z: 0}
--- !u!1001 &8544520767473620941
PrefabInstance:
  m_ObjectHideFlags: 0
  serializedVersion: 2
  m_Modification:
    m_TransformParent: {fileID: 8544520768857499260}
    m_Modifications:
    - target: {fileID: 5859597047991347021, guid: 0acdc43b539eb514bada8e0e87e95f1f, type: 3}
      propertyPath: m_LocalPosition.x
      value: 0.051345825
      objectReference: {fileID: 0}
    - target: {fileID: 5859597047991347021, guid: 0acdc43b539eb514bada8e0e87e95f1f, type: 3}
      propertyPath: m_LocalPosition.y
      value: -0.153
      objectReference: {fileID: 0}
    - target: {fileID: 5859597047991347021, guid: 0acdc43b539eb514bada8e0e87e95f1f, type: 3}
      propertyPath: m_LocalPosition.z
      value: -0.06299114
      objectReference: {fileID: 0}
    - target: {fileID: 5859597047991347021, guid: 0acdc43b539eb514bada8e0e87e95f1f, type: 3}
      propertyPath: m_LocalRotation.x
      value: 0.5
      objectReference: {fileID: 0}
    - target: {fileID: 5859597047991347021, guid: 0acdc43b539eb514bada8e0e87e95f1f, type: 3}
      propertyPath: m_LocalRotation.y
      value: 0.5
      objectReference: {fileID: 0}
    - target: {fileID: 5859597047991347021, guid: 0acdc43b539eb514bada8e0e87e95f1f, type: 3}
      propertyPath: m_LocalRotation.z
      value: 0.5
      objectReference: {fileID: 0}
    - target: {fileID: 5859597047991347021, guid: 0acdc43b539eb514bada8e0e87e95f1f, type: 3}
      propertyPath: m_LocalRotation.w
      value: 0.5
      objectReference: {fileID: 0}
    - target: {fileID: 5859597047991347021, guid: 0acdc43b539eb514bada8e0e87e95f1f, type: 3}
      propertyPath: m_RootOrder
      value: 4
      objectReference: {fileID: 0}
    - target: {fileID: 5859597047991347021, guid: 0acdc43b539eb514bada8e0e87e95f1f, type: 3}
      propertyPath: m_LocalEulerAnglesHint.x
      value: 0
      objectReference: {fileID: 0}
    - target: {fileID: 5859597047991347021, guid: 0acdc43b539eb514bada8e0e87e95f1f, type: 3}
      propertyPath: m_LocalEulerAnglesHint.y
      value: 90
      objectReference: {fileID: 0}
    - target: {fileID: 5859597047991347021, guid: 0acdc43b539eb514bada8e0e87e95f1f, type: 3}
      propertyPath: m_LocalEulerAnglesHint.z
      value: 90
      objectReference: {fileID: 0}
    - target: {fileID: 6492687444092386807, guid: 0acdc43b539eb514bada8e0e87e95f1f, type: 3}
      propertyPath: m_Name
      value: bookBlue
      objectReference: {fileID: 0}
    m_RemovedComponents: []
  m_SourcePrefab: {fileID: 100100000, guid: 0acdc43b539eb514bada8e0e87e95f1f, type: 3}
--- !u!4 &2865771668918579328 stripped
Transform:
  m_CorrespondingSourceObject: {fileID: 5859597047991347021, guid: 0acdc43b539eb514bada8e0e87e95f1f, type: 3}
  m_PrefabInstance: {fileID: 8544520767473620941}
  m_PrefabAsset: {fileID: 0}
--- !u!1001 &8544520768087306262
PrefabInstance:
  m_ObjectHideFlags: 0
  serializedVersion: 2
  m_Modification:
    m_TransformParent: {fileID: 8544520768857499260}
    m_Modifications:
    - target: {fileID: 7439612174531900613, guid: 810bdb3a7b3ad84458c0ffd06b96120d, type: 3}
      propertyPath: m_Name
      value: table
      objectReference: {fileID: 0}
    - target: {fileID: 7815187327471677055, guid: 810bdb3a7b3ad84458c0ffd06b96120d, type: 3}
      propertyPath: m_LocalPosition.x
      value: 0.06839371
      objectReference: {fileID: 0}
    - target: {fileID: 7815187327471677055, guid: 810bdb3a7b3ad84458c0ffd06b96120d, type: 3}
      propertyPath: m_LocalPosition.y
      value: -0.34851956
      objectReference: {fileID: 0}
    - target: {fileID: 7815187327471677055, guid: 810bdb3a7b3ad84458c0ffd06b96120d, type: 3}
      propertyPath: m_LocalPosition.z
      value: -0.03604698
      objectReference: {fileID: 0}
    - target: {fileID: 7815187327471677055, guid: 810bdb3a7b3ad84458c0ffd06b96120d, type: 3}
      propertyPath: m_LocalRotation.x
      value: -0
      objectReference: {fileID: 0}
    - target: {fileID: 7815187327471677055, guid: 810bdb3a7b3ad84458c0ffd06b96120d, type: 3}
      propertyPath: m_LocalRotation.y
      value: 0.7071058
      objectReference: {fileID: 0}
    - target: {fileID: 7815187327471677055, guid: 810bdb3a7b3ad84458c0ffd06b96120d, type: 3}
      propertyPath: m_LocalRotation.z
      value: -0
      objectReference: {fileID: 0}
    - target: {fileID: 7815187327471677055, guid: 810bdb3a7b3ad84458c0ffd06b96120d, type: 3}
      propertyPath: m_LocalRotation.w
      value: 0.7071078
      objectReference: {fileID: 0}
    - target: {fileID: 7815187327471677055, guid: 810bdb3a7b3ad84458c0ffd06b96120d, type: 3}
      propertyPath: m_RootOrder
      value: 0
      objectReference: {fileID: 0}
    - target: {fileID: 7815187327471677055, guid: 810bdb3a7b3ad84458c0ffd06b96120d, type: 3}
      propertyPath: m_LocalEulerAnglesHint.x
      value: 0
      objectReference: {fileID: 0}
    - target: {fileID: 7815187327471677055, guid: 810bdb3a7b3ad84458c0ffd06b96120d, type: 3}
      propertyPath: m_LocalEulerAnglesHint.y
      value: 90
      objectReference: {fileID: 0}
    - target: {fileID: 7815187327471677055, guid: 810bdb3a7b3ad84458c0ffd06b96120d, type: 3}
      propertyPath: m_LocalEulerAnglesHint.z
      value: 0
      objectReference: {fileID: 0}
    m_RemovedComponents: []
  m_SourcePrefab: {fileID: 100100000, guid: 810bdb3a7b3ad84458c0ffd06b96120d, type: 3}
--- !u!1 &1273097597316203731 stripped
GameObject:
  m_CorrespondingSourceObject: {fileID: 7439612174531900613, guid: 810bdb3a7b3ad84458c0ffd06b96120d, type: 3}
  m_PrefabInstance: {fileID: 8544520768087306262}
  m_PrefabAsset: {fileID: 0}
--- !u!4 &1936867976412126825 stripped
Transform:
  m_CorrespondingSourceObject: {fileID: 7815187327471677055, guid: 810bdb3a7b3ad84458c0ffd06b96120d, type: 3}
  m_PrefabInstance: {fileID: 8544520768087306262}
  m_PrefabAsset: {fileID: 0}
--- !u!1001 &8544520768187971677
PrefabInstance:
  m_ObjectHideFlags: 0
  serializedVersion: 2
  m_Modification:
    m_TransformParent: {fileID: 8544520768857499260}
    m_Modifications:
    - target: {fileID: 4976272931373925893, guid: 916f918a68e095c4783272137cb77a3d, type: 3}
      propertyPath: m_Name
      value: bigChair (3) Variant
      objectReference: {fileID: 0}
    - target: {fileID: 5639796945961557183, guid: 916f918a68e095c4783272137cb77a3d, type: 3}
      propertyPath: m_LocalPosition.x
      value: -0.38299942
      objectReference: {fileID: 0}
    - target: {fileID: 5639796945961557183, guid: 916f918a68e095c4783272137cb77a3d, type: 3}
      propertyPath: m_LocalPosition.y
      value: -0.378
      objectReference: {fileID: 0}
    - target: {fileID: 5639796945961557183, guid: 916f918a68e095c4783272137cb77a3d, type: 3}
      propertyPath: m_LocalPosition.z
      value: -0.26375008
      objectReference: {fileID: 0}
    - target: {fileID: 5639796945961557183, guid: 916f918a68e095c4783272137cb77a3d, type: 3}
      propertyPath: m_LocalRotation.x
      value: -0
      objectReference: {fileID: 0}
    - target: {fileID: 5639796945961557183, guid: 916f918a68e095c4783272137cb77a3d, type: 3}
      propertyPath: m_LocalRotation.y
      value: 0.70710576
      objectReference: {fileID: 0}
    - target: {fileID: 5639796945961557183, guid: 916f918a68e095c4783272137cb77a3d, type: 3}
      propertyPath: m_LocalRotation.z
      value: -0
      objectReference: {fileID: 0}
    - target: {fileID: 5639796945961557183, guid: 916f918a68e095c4783272137cb77a3d, type: 3}
      propertyPath: m_LocalRotation.w
      value: 0.70710784
      objectReference: {fileID: 0}
    - target: {fileID: 5639796945961557183, guid: 916f918a68e095c4783272137cb77a3d, type: 3}
      propertyPath: m_RootOrder
      value: 6
      objectReference: {fileID: 0}
    - target: {fileID: 5639796945961557183, guid: 916f918a68e095c4783272137cb77a3d, type: 3}
      propertyPath: m_LocalEulerAnglesHint.x
      value: 0
      objectReference: {fileID: 0}
    - target: {fileID: 5639796945961557183, guid: 916f918a68e095c4783272137cb77a3d, type: 3}
      propertyPath: m_LocalEulerAnglesHint.y
      value: 90
      objectReference: {fileID: 0}
    - target: {fileID: 5639796945961557183, guid: 916f918a68e095c4783272137cb77a3d, type: 3}
      propertyPath: m_LocalEulerAnglesHint.z
      value: 0
      objectReference: {fileID: 0}
    m_RemovedComponents: []
  m_SourcePrefab: {fileID: 100100000, guid: 916f918a68e095c4783272137cb77a3d, type: 3}
--- !u!4 &4093958081322788066 stripped
Transform:
  m_CorrespondingSourceObject: {fileID: 5639796945961557183, guid: 916f918a68e095c4783272137cb77a3d, type: 3}
  m_PrefabInstance: {fileID: 8544520768187971677}
  m_PrefabAsset: {fileID: 0}
--- !u!1001 &8544520768920645375
PrefabInstance:
  m_ObjectHideFlags: 0
  serializedVersion: 2
  m_Modification:
    m_TransformParent: {fileID: 8544520768857499260}
    m_Modifications:
    - target: {fileID: 26329646502626014, guid: 60e8a14515fe61143bc981672f7f145b, type: 3}
      propertyPath: m_LocalPosition.x
      value: 0.09274292
      objectReference: {fileID: 0}
    - target: {fileID: 26329646502626014, guid: 60e8a14515fe61143bc981672f7f145b, type: 3}
      propertyPath: m_LocalPosition.y
      value: -0.139
      objectReference: {fileID: 0}
    - target: {fileID: 26329646502626014, guid: 60e8a14515fe61143bc981672f7f145b, type: 3}
      propertyPath: m_LocalPosition.z
      value: -0.31309128
      objectReference: {fileID: 0}
    - target: {fileID: 26329646502626014, guid: 60e8a14515fe61143bc981672f7f145b, type: 3}
      propertyPath: m_LocalRotation.x
      value: -0.61237276
      objectReference: {fileID: 0}
    - target: {fileID: 26329646502626014, guid: 60e8a14515fe61143bc981672f7f145b, type: 3}
      propertyPath: m_LocalRotation.y
      value: 0.35355285
      objectReference: {fileID: 0}
    - target: {fileID: 26329646502626014, guid: 60e8a14515fe61143bc981672f7f145b, type: 3}
      propertyPath: m_LocalRotation.z
      value: 0.35355285
      objectReference: {fileID: 0}
    - target: {fileID: 26329646502626014, guid: 60e8a14515fe61143bc981672f7f145b, type: 3}
      propertyPath: m_LocalRotation.w
      value: 0.61237276
      objectReference: {fileID: 0}
    - target: {fileID: 26329646502626014, guid: 60e8a14515fe61143bc981672f7f145b, type: 3}
      propertyPath: m_RootOrder
      value: 1
      objectReference: {fileID: 0}
    - target: {fileID: 26329646502626014, guid: 60e8a14515fe61143bc981672f7f145b, type: 3}
      propertyPath: m_LocalEulerAnglesHint.x
      value: -90
      objectReference: {fileID: 0}
    - target: {fileID: 26329646502626014, guid: 60e8a14515fe61143bc981672f7f145b, type: 3}
      propertyPath: m_LocalEulerAnglesHint.y
      value: 0
      objectReference: {fileID: 0}
    - target: {fileID: 26329646502626014, guid: 60e8a14515fe61143bc981672f7f145b, type: 3}
      propertyPath: m_LocalEulerAnglesHint.z
      value: 60
      objectReference: {fileID: 0}
    - target: {fileID: 26329646502626014, guid: 60e8a14515fe61143bc981672f7f145b, type: 3}
      propertyPath: m_LocalScale.x
      value: 0.10000001
      objectReference: {fileID: 0}
    - target: {fileID: 26329646502626014, guid: 60e8a14515fe61143bc981672f7f145b, type: 3}
      propertyPath: m_LocalScale.y
      value: 0.10000001
      objectReference: {fileID: 0}
    - target: {fileID: 798924940226697316, guid: 60e8a14515fe61143bc981672f7f145b, type: 3}
      propertyPath: m_Name
      value: BookupsidedownGreen
      objectReference: {fileID: 0}
    m_RemovedComponents: []
  m_SourcePrefab: {fileID: 100100000, guid: 60e8a14515fe61143bc981672f7f145b, type: 3}
--- !u!4 &8559573721011956769 stripped
Transform:
  m_CorrespondingSourceObject: {fileID: 26329646502626014, guid: 60e8a14515fe61143bc981672f7f145b, type: 3}
  m_PrefabInstance: {fileID: 8544520768920645375}
  m_PrefabAsset: {fileID: 0}
--- !u!1001 &8544520769330443237
PrefabInstance:
  m_ObjectHideFlags: 0
  serializedVersion: 2
  m_Modification:
    m_TransformParent: {fileID: 8544520768857499260}
    m_Modifications:
    - target: {fileID: 4701061120358820643, guid: 7edafef510dd1494891c1e08a000a3dc, type: 3}
      propertyPath: m_LocalPosition.x
      value: -0.12622452
      objectReference: {fileID: 0}
    - target: {fileID: 4701061120358820643, guid: 7edafef510dd1494891c1e08a000a3dc, type: 3}
      propertyPath: m_LocalPosition.y
      value: -0.153
      objectReference: {fileID: 0}
    - target: {fileID: 4701061120358820643, guid: 7edafef510dd1494891c1e08a000a3dc, type: 3}
      propertyPath: m_LocalPosition.z
      value: 0.035417557
      objectReference: {fileID: 0}
    - target: {fileID: 4701061120358820643, guid: 7edafef510dd1494891c1e08a000a3dc, type: 3}
      propertyPath: m_LocalRotation.x
      value: 0.35355368
      objectReference: {fileID: 0}
    - target: {fileID: 4701061120358820643, guid: 7edafef510dd1494891c1e08a000a3dc, type: 3}
      propertyPath: m_LocalRotation.y
      value: 0.35355368
      objectReference: {fileID: 0}
    - target: {fileID: 4701061120358820643, guid: 7edafef510dd1494891c1e08a000a3dc, type: 3}
      propertyPath: m_LocalRotation.z
      value: 0.6123723
      objectReference: {fileID: 0}
    - target: {fileID: 4701061120358820643, guid: 7edafef510dd1494891c1e08a000a3dc, type: 3}
      propertyPath: m_LocalRotation.w
      value: 0.6123723
      objectReference: {fileID: 0}
    - target: {fileID: 4701061120358820643, guid: 7edafef510dd1494891c1e08a000a3dc, type: 3}
      propertyPath: m_RootOrder
      value: 2
      objectReference: {fileID: 0}
    - target: {fileID: 4701061120358820643, guid: 7edafef510dd1494891c1e08a000a3dc, type: 3}
      propertyPath: m_LocalEulerAnglesHint.x
      value: 0
      objectReference: {fileID: 0}
    - target: {fileID: 4701061120358820643, guid: 7edafef510dd1494891c1e08a000a3dc, type: 3}
      propertyPath: m_LocalEulerAnglesHint.y
      value: 60
      objectReference: {fileID: 0}
    - target: {fileID: 4701061120358820643, guid: 7edafef510dd1494891c1e08a000a3dc, type: 3}
      propertyPath: m_LocalEulerAnglesHint.z
      value: 90
      objectReference: {fileID: 0}
    - target: {fileID: 4701061120358820643, guid: 7edafef510dd1494891c1e08a000a3dc, type: 3}
      propertyPath: m_LocalScale.z
      value: 0.10000001
      objectReference: {fileID: 0}
    - target: {fileID: 5365571122820772249, guid: 7edafef510dd1494891c1e08a000a3dc, type: 3}
      propertyPath: m_Name
      value: bookWhite
      objectReference: {fileID: 0}
    m_RemovedComponents: []
  m_SourcePrefab: {fileID: 100100000, guid: 7edafef510dd1494891c1e08a000a3dc, type: 3}
--- !u!4 &4010941937333852358 stripped
Transform:
  m_CorrespondingSourceObject: {fileID: 4701061120358820643, guid: 7edafef510dd1494891c1e08a000a3dc, type: 3}
  m_PrefabInstance: {fileID: 8544520769330443237}
  m_PrefabAsset: {fileID: 0}
--- !u!1001 &8544520769404997599
PrefabInstance:
  m_ObjectHideFlags: 0
  serializedVersion: 2
  m_Modification:
    m_TransformParent: {fileID: 8544520768857499260}
    m_Modifications:
    - target: {fileID: 2596878055719741744, guid: f6d6dd399ed67f048a70618f6701ce95, type: 3}
      propertyPath: m_Name
      value: bigChair (4) Variant
      objectReference: {fileID: 0}
    - target: {fileID: 3405326572308067210, guid: f6d6dd399ed67f048a70618f6701ce95, type: 3}
      propertyPath: m_LocalPosition.x
      value: -0.38942337
      objectReference: {fileID: 0}
    - target: {fileID: 3405326572308067210, guid: f6d6dd399ed67f048a70618f6701ce95, type: 3}
      propertyPath: m_LocalPosition.y
      value: -0.3967
      objectReference: {fileID: 0}
    - target: {fileID: 3405326572308067210, guid: f6d6dd399ed67f048a70618f6701ce95, type: 3}
      propertyPath: m_LocalPosition.z
      value: 0.12791252
      objectReference: {fileID: 0}
    - target: {fileID: 3405326572308067210, guid: f6d6dd399ed67f048a70618f6701ce95, type: 3}
      propertyPath: m_LocalRotation.x
      value: -0
      objectReference: {fileID: 0}
    - target: {fileID: 3405326572308067210, guid: f6d6dd399ed67f048a70618f6701ce95, type: 3}
      propertyPath: m_LocalRotation.y
      value: 0.70710576
      objectReference: {fileID: 0}
    - target: {fileID: 3405326572308067210, guid: f6d6dd399ed67f048a70618f6701ce95, type: 3}
      propertyPath: m_LocalRotation.z
      value: -0
      objectReference: {fileID: 0}
    - target: {fileID: 3405326572308067210, guid: f6d6dd399ed67f048a70618f6701ce95, type: 3}
      propertyPath: m_LocalRotation.w
      value: 0.70710784
      objectReference: {fileID: 0}
    - target: {fileID: 3405326572308067210, guid: f6d6dd399ed67f048a70618f6701ce95, type: 3}
      propertyPath: m_RootOrder
      value: 5
      objectReference: {fileID: 0}
    - target: {fileID: 3405326572308067210, guid: f6d6dd399ed67f048a70618f6701ce95, type: 3}
      propertyPath: m_LocalEulerAnglesHint.x
      value: 0
      objectReference: {fileID: 0}
    - target: {fileID: 3405326572308067210, guid: f6d6dd399ed67f048a70618f6701ce95, type: 3}
      propertyPath: m_LocalEulerAnglesHint.y
      value: 90
      objectReference: {fileID: 0}
    - target: {fileID: 3405326572308067210, guid: f6d6dd399ed67f048a70618f6701ce95, type: 3}
      propertyPath: m_LocalEulerAnglesHint.z
      value: 0
      objectReference: {fileID: 0}
    m_RemovedComponents: []
  m_SourcePrefab: {fileID: 100100000, guid: f6d6dd399ed67f048a70618f6701ce95, type: 3}
--- !u!4 &6473390272868514901 stripped
Transform:
  m_CorrespondingSourceObject: {fileID: 3405326572308067210, guid: f6d6dd399ed67f048a70618f6701ce95, type: 3}
  m_PrefabInstance: {fileID: 8544520769404997599}
  m_PrefabAsset: {fileID: 0}
--- !u!1001 &8544520769493974342
PrefabInstance:
  m_ObjectHideFlags: 0
  serializedVersion: 2
  m_Modification:
    m_TransformParent: {fileID: 8544520768857499260}
    m_Modifications:
    - target: {fileID: 6300095548071196297, guid: abb8d088e9247264aa91ee7299ea046d, type: 3}
      propertyPath: m_Name
      value: bookopenGreen
      objectReference: {fileID: 0}
    - target: {fileID: 6639923408769248307, guid: abb8d088e9247264aa91ee7299ea046d, type: 3}
      propertyPath: m_LocalPosition.x
      value: -0.08459854
      objectReference: {fileID: 0}
    - target: {fileID: 6639923408769248307, guid: abb8d088e9247264aa91ee7299ea046d, type: 3}
      propertyPath: m_LocalPosition.y
      value: -0.153
      objectReference: {fileID: 0}
    - target: {fileID: 6639923408769248307, guid: abb8d088e9247264aa91ee7299ea046d, type: 3}
      propertyPath: m_LocalPosition.z
      value: -0.26971722
      objectReference: {fileID: 0}
    - target: {fileID: 6639923408769248307, guid: abb8d088e9247264aa91ee7299ea046d, type: 3}
      propertyPath: m_LocalRotation.x
      value: -0.5000007
      objectReference: {fileID: 0}
    - target: {fileID: 6639923408769248307, guid: abb8d088e9247264aa91ee7299ea046d, type: 3}
      propertyPath: m_LocalRotation.y
      value: 0.49999928
      objectReference: {fileID: 0}
    - target: {fileID: 6639923408769248307, guid: abb8d088e9247264aa91ee7299ea046d, type: 3}
      propertyPath: m_LocalRotation.z
      value: 0.49999928
      objectReference: {fileID: 0}
    - target: {fileID: 6639923408769248307, guid: abb8d088e9247264aa91ee7299ea046d, type: 3}
      propertyPath: m_LocalRotation.w
      value: 0.5000007
      objectReference: {fileID: 0}
    - target: {fileID: 6639923408769248307, guid: abb8d088e9247264aa91ee7299ea046d, type: 3}
      propertyPath: m_RootOrder
      value: 3
      objectReference: {fileID: 0}
    - target: {fileID: 6639923408769248307, guid: abb8d088e9247264aa91ee7299ea046d, type: 3}
      propertyPath: m_LocalEulerAnglesHint.x
      value: -90
      objectReference: {fileID: 0}
    - target: {fileID: 6639923408769248307, guid: abb8d088e9247264aa91ee7299ea046d, type: 3}
      propertyPath: m_LocalEulerAnglesHint.y
      value: 0
      objectReference: {fileID: 0}
    - target: {fileID: 6639923408769248307, guid: abb8d088e9247264aa91ee7299ea046d, type: 3}
      propertyPath: m_LocalEulerAnglesHint.z
      value: 90
      objectReference: {fileID: 0}
    m_RemovedComponents: []
  m_SourcePrefab: {fileID: 100100000, guid: abb8d088e9247264aa91ee7299ea046d, type: 3}
--- !u!4 &3076384569388126581 stripped
Transform:
  m_CorrespondingSourceObject: {fileID: 6639923408769248307, guid: abb8d088e9247264aa91ee7299ea046d, type: 3}
  m_PrefabInstance: {fileID: 8544520769493974342}
  m_PrefabAsset: {fileID: 0}
