%YAML 1.1
%TAG !u! tag:unity3d.com,2011:
--- !u!1 &1957224763226126206
GameObject:
  m_ObjectHideFlags: 0
  m_CorrespondingSourceObject: {fileID: 0}
  m_PrefabInstance: {fileID: 0}
  m_PrefabAsset: {fileID: 0}
  serializedVersion: 6
  m_Component:
  - component: {fileID: 6441096674038824415}
  - component: {fileID: 3178965087771934967}
  - component: {fileID: 4727002717228711598}
  m_Layer: 0
  m_Name: armor_low (1)
  m_TagString: Untagged
  m_Icon: {fileID: 0}
  m_NavMeshLayer: 0
  m_StaticEditorFlags: 0
  m_IsActive: 1
--- !u!4 &6441096674038824415
Transform:
  m_ObjectHideFlags: 0
  m_CorrespondingSourceObject: {fileID: 0}
  m_PrefabInstance: {fileID: 0}
  m_PrefabAsset: {fileID: 0}
  m_GameObject: {fileID: 1957224763226126206}
  m_LocalRotation: {x: 0.0000001750886, y: -0.00000032037488, z: -0.000000024214382, w: 1}
  m_LocalPosition: {x: 0.3611374, y: 0.77255523, z: -0.30049896}
  m_LocalScale: {x: 0.40394542, y: 0.40394536, z: 0.40394545}
  m_Children: []
  m_Father: {fileID: 8647721484932380563}
  m_RootOrder: 1
  m_LocalEulerAnglesHint: {x: 0, y: 45, z: 0}
--- !u!33 &3178965087771934967
MeshFilter:
  m_ObjectHideFlags: 0
  m_CorrespondingSourceObject: {fileID: 0}
  m_PrefabInstance: {fileID: 0}
  m_PrefabAsset: {fileID: 0}
  m_GameObject: {fileID: 1957224763226126206}
  m_Mesh: {fileID: -8318357454613328600, guid: de1090f15828e8043b370a6111e3fea4, type: 3}
--- !u!23 &4727002717228711598
MeshRenderer:
  m_ObjectHideFlags: 0
  m_CorrespondingSourceObject: {fileID: 0}
  m_PrefabInstance: {fileID: 0}
  m_PrefabAsset: {fileID: 0}
  m_GameObject: {fileID: 1957224763226126206}
  m_Enabled: 1
  m_CastShadows: 1
  m_ReceiveShadows: 1
  m_DynamicOccludee: 1
  m_MotionVectors: 1
  m_LightProbeUsage: 1
  m_ReflectionProbeUsage: 1
  m_RayTracingMode: 2
  m_RayTraceProcedural: 0
  m_RenderingLayerMask: 1
  m_RendererPriority: 0
  m_Materials:
  - {fileID: 2100000, guid: 0ce26c15cc73c5841b4b35192eaf6874, type: 2}
  m_StaticBatchInfo:
    firstSubMesh: 0
    subMeshCount: 0
  m_StaticBatchRoot: {fileID: 0}
  m_ProbeAnchor: {fileID: 0}
  m_LightProbeVolumeOverride: {fileID: 0}
  m_ScaleInLightmap: 1
  m_ReceiveGI: 1
  m_PreserveUVs: 0
  m_IgnoreNormalsForChartDetection: 0
  m_ImportantGI: 0
  m_StitchLightmapSeams: 1
  m_SelectedEditorRenderState: 3
  m_MinimumChartSize: 4
  m_AutoUVMaxDistance: 0.5
  m_AutoUVMaxAngle: 89
  m_LightmapParameters: {fileID: 0}
  m_SortingLayerID: 0
  m_SortingLayer: 0
  m_SortingOrder: 0
  m_AdditionalVertexStreams: {fileID: 0}
--- !u!1 &4988996388122168211
GameObject:
  m_ObjectHideFlags: 0
  m_CorrespondingSourceObject: {fileID: 0}
  m_PrefabInstance: {fileID: 0}
  m_PrefabAsset: {fileID: 0}
  serializedVersion: 6
  m_Component:
  - component: {fileID: 8647721484932380563}
  - component: {fileID: 6340060534209162979}
  m_Layer: 0
  m_Name: stockd_Shelf
  m_TagString: Untagged
  m_Icon: {fileID: 0}
  m_NavMeshLayer: 0
  m_StaticEditorFlags: 0
  m_IsActive: 1
--- !u!4 &8647721484932380563
Transform:
  m_ObjectHideFlags: 0
  m_CorrespondingSourceObject: {fileID: 0}
  m_PrefabInstance: {fileID: 0}
  m_PrefabAsset: {fileID: 0}
  m_GameObject: {fileID: 4988996388122168211}
  m_LocalRotation: {x: 0, y: 0, z: 0, w: 1}
  m_LocalPosition: {x: 4.702686, y: -2.3289804, z: -23.390455}
  m_LocalScale: {x: 1, y: 1, z: 1}
  m_Children:
  - {fileID: 5809081838970110429}
  - {fileID: 6441096674038824415}
  - {fileID: 3167451476745462050}
  - {fileID: 850539538215946048}
  - {fileID: 9202582303247721335}
  - {fileID: 3135971816648865113}
  - {fileID: 9087413351435613386}
  - {fileID: 9032083295894987718}
  - {fileID: 8004840135847342321}
  - {fileID: 4043624914013441723}
  - {fileID: 4248880466175512284}
  - {fileID: 7965872264661393967}
  - {fileID: 7064985831718268240}
  - {fileID: 7316403560064756208}
  - {fileID: 6103682368764695844}
  - {fileID: 426589172562796935}
  - {fileID: 5942033042131806432}
  - {fileID: 4958540235751405334}
  - {fileID: 446050037754100655}
  - {fileID: 3202983276604084992}
  m_Father: {fileID: 0}
  m_RootOrder: 0
  m_LocalEulerAnglesHint: {x: 0, y: 0, z: 0}
--- !u!65 &6340060534209162979
BoxCollider:
  m_ObjectHideFlags: 0
  m_CorrespondingSourceObject: {fileID: 0}
  m_PrefabInstance: {fileID: 0}
  m_PrefabAsset: {fileID: 0}
  m_GameObject: {fileID: 4988996388122168211}
  m_Material: {fileID: 0}
  m_IsTrigger: 0
  m_Enabled: 1
  serializedVersion: 2
  m_Size: {x: 1.4167023, y: 2.9342957, z: 0.88825226}
  m_Center: {x: -0.20835114, y: -0.0022345185, z: -0.19325256}
--- !u!1 &9167263117470593214
GameObject:
  m_ObjectHideFlags: 0
  m_CorrespondingSourceObject: {fileID: 0}
  m_PrefabInstance: {fileID: 0}
  m_PrefabAsset: {fileID: 0}
  serializedVersion: 6
  m_Component:
  - component: {fileID: 3167451476745462050}
  - component: {fileID: 2321820187508418427}
  - component: {fileID: 4580655740592022571}
  m_Layer: 0
  m_Name: armor_low (2)
  m_TagString: Untagged
  m_Icon: {fileID: 0}
  m_NavMeshLayer: 0
  m_StaticEditorFlags: 0
  m_IsActive: 1
--- !u!4 &3167451476745462050
Transform:
  m_ObjectHideFlags: 0
  m_CorrespondingSourceObject: {fileID: 0}
  m_PrefabInstance: {fileID: 0}
  m_PrefabAsset: {fileID: 0}
  m_GameObject: {fileID: 9167263117470593214}
  m_LocalRotation: {x: 0.0000001750886, y: -0.00000032037488, z: -0.000000024214382, w: 1}
  m_LocalPosition: {x: -0.5431824, y: 0.7729591, z: -0.30107117}
  m_LocalScale: {x: 0.40394542, y: 0.40394536, z: 0.40394545}
  m_Children: []
  m_Father: {fileID: 8647721484932380563}
  m_RootOrder: 2
  m_LocalEulerAnglesHint: {x: 0, y: 45, z: 0}
--- !u!33 &2321820187508418427
MeshFilter:
  m_ObjectHideFlags: 0
  m_CorrespondingSourceObject: {fileID: 0}
  m_PrefabInstance: {fileID: 0}
  m_PrefabAsset: {fileID: 0}
  m_GameObject: {fileID: 9167263117470593214}
  m_Mesh: {fileID: -8318357454613328600, guid: de1090f15828e8043b370a6111e3fea4, type: 3}
--- !u!23 &4580655740592022571
MeshRenderer:
  m_ObjectHideFlags: 0
  m_CorrespondingSourceObject: {fileID: 0}
  m_PrefabInstance: {fileID: 0}
  m_PrefabAsset: {fileID: 0}
  m_GameObject: {fileID: 9167263117470593214}
  m_Enabled: 1
  m_CastShadows: 1
  m_ReceiveShadows: 1
  m_DynamicOccludee: 1
  m_MotionVectors: 1
  m_LightProbeUsage: 1
  m_ReflectionProbeUsage: 1
  m_RayTracingMode: 2
  m_RayTraceProcedural: 0
  m_RenderingLayerMask: 1
  m_RendererPriority: 0
  m_Materials:
  - {fileID: 2100000, guid: 0ce26c15cc73c5841b4b35192eaf6874, type: 2}
  m_StaticBatchInfo:
    firstSubMesh: 0
    subMeshCount: 0
  m_StaticBatchRoot: {fileID: 0}
  m_ProbeAnchor: {fileID: 0}
  m_LightProbeVolumeOverride: {fileID: 0}
  m_ScaleInLightmap: 1
  m_ReceiveGI: 1
  m_PreserveUVs: 0
  m_IgnoreNormalsForChartDetection: 0
  m_ImportantGI: 0
  m_StitchLightmapSeams: 1
  m_SelectedEditorRenderState: 3
  m_MinimumChartSize: 4
  m_AutoUVMaxDistance: 0.5
  m_AutoUVMaxAngle: 89
  m_LightmapParameters: {fileID: 0}
  m_SortingLayerID: 0
  m_SortingLayer: 0
  m_SortingOrder: 0
  m_AdditionalVertexStreams: {fileID: 0}
--- !u!1001 &1357632070696217267
PrefabInstance:
  m_ObjectHideFlags: 0
  serializedVersion: 2
  m_Modification:
    m_TransformParent: {fileID: 8647721484932380563}
    m_Modifications:
    - target: {fileID: 1506444221524431132, guid: 3d812d350fe70f1439200e2714048e80, type: 3}
      propertyPath: m_LocalPosition.x
      value: -0.423
      objectReference: {fileID: 0}
    - target: {fileID: 1506444221524431132, guid: 3d812d350fe70f1439200e2714048e80, type: 3}
      propertyPath: m_LocalPosition.y
      value: -1.1
      objectReference: {fileID: 0}
    - target: {fileID: 1506444221524431132, guid: 3d812d350fe70f1439200e2714048e80, type: 3}
      propertyPath: m_LocalPosition.z
      value: -0.309
      objectReference: {fileID: 0}
    - target: {fileID: 1506444221524431132, guid: 3d812d350fe70f1439200e2714048e80, type: 3}
      propertyPath: m_LocalRotation.x
      value: 0.000001955777
      objectReference: {fileID: 0}
    - target: {fileID: 1506444221524431132, guid: 3d812d350fe70f1439200e2714048e80, type: 3}
      propertyPath: m_LocalRotation.y
      value: -0.000000048428763
      objectReference: {fileID: 0}
    - target: {fileID: 1506444221524431132, guid: 3d812d350fe70f1439200e2714048e80, type: 3}
      propertyPath: m_LocalRotation.z
      value: 0.000000002328306
      objectReference: {fileID: 0}
    - target: {fileID: 1506444221524431132, guid: 3d812d350fe70f1439200e2714048e80, type: 3}
      propertyPath: m_LocalRotation.w
      value: 1
      objectReference: {fileID: 0}
    - target: {fileID: 1506444221524431132, guid: 3d812d350fe70f1439200e2714048e80, type: 3}
      propertyPath: m_RootOrder
      value: 18
      objectReference: {fileID: 0}
    - target: {fileID: 1506444221524431132, guid: 3d812d350fe70f1439200e2714048e80, type: 3}
      propertyPath: m_LocalEulerAnglesHint.x
      value: -189.141
      objectReference: {fileID: 0}
    - target: {fileID: 1506444221524431132, guid: 3d812d350fe70f1439200e2714048e80, type: 3}
      propertyPath: m_LocalEulerAnglesHint.y
      value: -4.1019897
      objectReference: {fileID: 0}
    - target: {fileID: 1506444221524431132, guid: 3d812d350fe70f1439200e2714048e80, type: 3}
      propertyPath: m_LocalEulerAnglesHint.z
      value: 179.184
      objectReference: {fileID: 0}
    - target: {fileID: 1506444221524431132, guid: 3d812d350fe70f1439200e2714048e80, type: 3}
      propertyPath: m_LocalScale.x
      value: 0.16825004
      objectReference: {fileID: 0}
    - target: {fileID: 1506444221524431132, guid: 3d812d350fe70f1439200e2714048e80, type: 3}
      propertyPath: m_LocalScale.y
      value: 0.16825
      objectReference: {fileID: 0}
    - target: {fileID: 1506444221524431132, guid: 3d812d350fe70f1439200e2714048e80, type: 3}
      propertyPath: m_LocalScale.z
      value: 0.16825004
      objectReference: {fileID: 0}
    - target: {fileID: 2282242701385993126, guid: 3d812d350fe70f1439200e2714048e80, type: 3}
      propertyPath: m_Name
      value: firstAid (31)
      objectReference: {fileID: 0}
    m_RemovedComponents: []
  m_SourcePrefab: {fileID: 100100000, guid: 3d812d350fe70f1439200e2714048e80, type: 3}
--- !u!4 &446050037754100655 stripped
Transform:
  m_CorrespondingSourceObject: {fileID: 1506444221524431132, guid: 3d812d350fe70f1439200e2714048e80, type: 3}
  m_PrefabInstance: {fileID: 1357632070696217267}
  m_PrefabAsset: {fileID: 0}
--- !u!1001 &1960414072029221353
PrefabInstance:
  m_ObjectHideFlags: 0
  serializedVersion: 2
  m_Modification:
    m_TransformParent: {fileID: 8647721484932380563}
    m_Modifications:
    - target: {fileID: 3508867019863188656, guid: 3c79917b18c11a744ad9e56262dfa600, type: 3}
      propertyPath: m_LocalPosition.x
      value: -0.10311127
      objectReference: {fileID: 0}
    - target: {fileID: 3508867019863188656, guid: 3c79917b18c11a744ad9e56262dfa600, type: 3}
      propertyPath: m_LocalPosition.y
      value: -0.5193318
      objectReference: {fileID: 0}
    - target: {fileID: 3508867019863188656, guid: 3c79917b18c11a744ad9e56262dfa600, type: 3}
      propertyPath: m_LocalPosition.z
      value: -0.3085022
      objectReference: {fileID: 0}
    - target: {fileID: 3508867019863188656, guid: 3c79917b18c11a744ad9e56262dfa600, type: 3}
      propertyPath: m_LocalRotation.x
      value: -0.0000000029103826
      objectReference: {fileID: 0}
    - target: {fileID: 3508867019863188656, guid: 3c79917b18c11a744ad9e56262dfa600, type: 3}
      propertyPath: m_LocalRotation.y
      value: 1
      objectReference: {fileID: 0}
    - target: {fileID: 3508867019863188656, guid: 3c79917b18c11a744ad9e56262dfa600, type: 3}
      propertyPath: m_LocalRotation.z
      value: -0.00000008940696
      objectReference: {fileID: 0}
    - target: {fileID: 3508867019863188656, guid: 3c79917b18c11a744ad9e56262dfa600, type: 3}
      propertyPath: m_LocalRotation.w
      value: -0.0000008754431
      objectReference: {fileID: 0}
    - target: {fileID: 3508867019863188656, guid: 3c79917b18c11a744ad9e56262dfa600, type: 3}
      propertyPath: m_RootOrder
      value: 5
      objectReference: {fileID: 0}
    - target: {fileID: 3508867019863188656, guid: 3c79917b18c11a744ad9e56262dfa600, type: 3}
      propertyPath: m_LocalEulerAnglesHint.x
      value: -9.141
      objectReference: {fileID: 0}
    - target: {fileID: 3508867019863188656, guid: 3c79917b18c11a744ad9e56262dfa600, type: 3}
      propertyPath: m_LocalEulerAnglesHint.y
      value: 355.898
      objectReference: {fileID: 0}
    - target: {fileID: 3508867019863188656, guid: 3c79917b18c11a744ad9e56262dfa600, type: 3}
      propertyPath: m_LocalEulerAnglesHint.z
      value: 0.816
      objectReference: {fileID: 0}
    - target: {fileID: 3508867019863188656, guid: 3c79917b18c11a744ad9e56262dfa600, type: 3}
      propertyPath: m_LocalScale.x
      value: -0.23965205
      objectReference: {fileID: 0}
    - target: {fileID: 3508867019863188656, guid: 3c79917b18c11a744ad9e56262dfa600, type: 3}
      propertyPath: m_LocalScale.y
      value: 0.23965201
      objectReference: {fileID: 0}
    - target: {fileID: 3508867019863188656, guid: 3c79917b18c11a744ad9e56262dfa600, type: 3}
      propertyPath: m_LocalScale.z
      value: 0.23965205
      objectReference: {fileID: 0}
    - target: {fileID: 4321818856574631434, guid: 3c79917b18c11a744ad9e56262dfa600, type: 3}
      propertyPath: m_Name
      value: ammoBoxcleanBullet (21)
      objectReference: {fileID: 0}
    m_RemovedComponents: []
  m_SourcePrefab: {fileID: 100100000, guid: 3c79917b18c11a744ad9e56262dfa600, type: 3}
--- !u!4 &3135971816648865113 stripped
Transform:
  m_CorrespondingSourceObject: {fileID: 3508867019863188656, guid: 3c79917b18c11a744ad9e56262dfa600, type: 3}
  m_PrefabInstance: {fileID: 1960414072029221353}
  m_PrefabAsset: {fileID: 0}
--- !u!1001 &3066541422873204445
PrefabInstance:
  m_ObjectHideFlags: 0
  serializedVersion: 2
  m_Modification:
    m_TransformParent: {fileID: 8647721484932380563}
    m_Modifications:
    - target: {fileID: 8168222019371666874, guid: 714518e4217006f48acca7592c87acf6, type: 3}
      propertyPath: m_Name
      value: storageShelves
      objectReference: {fileID: 0}
    - target: {fileID: 8795681851526895360, guid: 714518e4217006f48acca7592c87acf6, type: 3}
      propertyPath: m_LocalPosition.x
      value: -0.11179352
      objectReference: {fileID: 0}
    - target: {fileID: 8795681851526895360, guid: 714518e4217006f48acca7592c87acf6, type: 3}
      propertyPath: m_LocalPosition.y
      value: -1.4987149
      objectReference: {fileID: 0}
    - target: {fileID: 8795681851526895360, guid: 714518e4217006f48acca7592c87acf6, type: 3}
      propertyPath: m_LocalPosition.z
      value: -0.25077057
      objectReference: {fileID: 0}
    - target: {fileID: 8795681851526895360, guid: 714518e4217006f48acca7592c87acf6, type: 3}
      propertyPath: m_LocalRotation.x
      value: -0
      objectReference: {fileID: 0}
    - target: {fileID: 8795681851526895360, guid: 714518e4217006f48acca7592c87acf6, type: 3}
      propertyPath: m_LocalRotation.y
      value: -0.012696667
      objectReference: {fileID: 0}
    - target: {fileID: 8795681851526895360, guid: 714518e4217006f48acca7592c87acf6, type: 3}
      propertyPath: m_LocalRotation.z
      value: -0
      objectReference: {fileID: 0}
    - target: {fileID: 8795681851526895360, guid: 714518e4217006f48acca7592c87acf6, type: 3}
      propertyPath: m_LocalRotation.w
      value: 0.9999194
      objectReference: {fileID: 0}
    - target: {fileID: 8795681851526895360, guid: 714518e4217006f48acca7592c87acf6, type: 3}
      propertyPath: m_RootOrder
      value: 0
      objectReference: {fileID: 0}
    - target: {fileID: 8795681851526895360, guid: 714518e4217006f48acca7592c87acf6, type: 3}
      propertyPath: m_LocalEulerAnglesHint.x
      value: 0
      objectReference: {fileID: 0}
    - target: {fileID: 8795681851526895360, guid: 714518e4217006f48acca7592c87acf6, type: 3}
      propertyPath: m_LocalEulerAnglesHint.y
      value: -1.455
      objectReference: {fileID: 0}
    - target: {fileID: 8795681851526895360, guid: 714518e4217006f48acca7592c87acf6, type: 3}
      propertyPath: m_LocalEulerAnglesHint.z
      value: 0
      objectReference: {fileID: 0}
    - target: {fileID: 8795681851526895360, guid: 714518e4217006f48acca7592c87acf6, type: 3}
      propertyPath: m_LocalScale.x
      value: 1.9762
      objectReference: {fileID: 0}
    - target: {fileID: 8795681851526895360, guid: 714518e4217006f48acca7592c87acf6, type: 3}
      propertyPath: m_LocalScale.y
      value: 1.9762
      objectReference: {fileID: 0}
    - target: {fileID: 8795681851526895360, guid: 714518e4217006f48acca7592c87acf6, type: 3}
      propertyPath: m_LocalScale.z
      value: 1.9762
      objectReference: {fileID: 0}
    m_RemovedComponents: []
  m_SourcePrefab: {fileID: 100100000, guid: 714518e4217006f48acca7592c87acf6, type: 3}
--- !u!4 &5809081838970110429 stripped
Transform:
  m_CorrespondingSourceObject: {fileID: 8795681851526895360, guid: 714518e4217006f48acca7592c87acf6, type: 3}
  m_PrefabInstance: {fileID: 3066541422873204445}
  m_PrefabAsset: {fileID: 0}
--- !u!1001 &3240938507884535719
PrefabInstance:
  m_ObjectHideFlags: 0
  serializedVersion: 2
  m_Modification:
    m_TransformParent: {fileID: 8647721484932380563}
    m_Modifications:
    - target: {fileID: 1506444221524431132, guid: 3d812d350fe70f1439200e2714048e80, type: 3}
      propertyPath: m_LocalPosition.x
      value: 0.233
      objectReference: {fileID: 0}
    - target: {fileID: 1506444221524431132, guid: 3d812d350fe70f1439200e2714048e80, type: 3}
      propertyPath: m_LocalPosition.y
      value: -1.1
      objectReference: {fileID: 0}
    - target: {fileID: 1506444221524431132, guid: 3d812d350fe70f1439200e2714048e80, type: 3}
      propertyPath: m_LocalPosition.z
      value: -0.309
      objectReference: {fileID: 0}
    - target: {fileID: 1506444221524431132, guid: 3d812d350fe70f1439200e2714048e80, type: 3}
      propertyPath: m_LocalRotation.x
      value: 0.000001955777
      objectReference: {fileID: 0}
    - target: {fileID: 1506444221524431132, guid: 3d812d350fe70f1439200e2714048e80, type: 3}
      propertyPath: m_LocalRotation.y
      value: -0.000000048428763
      objectReference: {fileID: 0}
    - target: {fileID: 1506444221524431132, guid: 3d812d350fe70f1439200e2714048e80, type: 3}
      propertyPath: m_LocalRotation.z
      value: 0.000000002328306
      objectReference: {fileID: 0}
    - target: {fileID: 1506444221524431132, guid: 3d812d350fe70f1439200e2714048e80, type: 3}
      propertyPath: m_LocalRotation.w
      value: 1
      objectReference: {fileID: 0}
    - target: {fileID: 1506444221524431132, guid: 3d812d350fe70f1439200e2714048e80, type: 3}
      propertyPath: m_RootOrder
      value: 9
      objectReference: {fileID: 0}
    - target: {fileID: 1506444221524431132, guid: 3d812d350fe70f1439200e2714048e80, type: 3}
      propertyPath: m_LocalEulerAnglesHint.x
      value: -189.141
      objectReference: {fileID: 0}
    - target: {fileID: 1506444221524431132, guid: 3d812d350fe70f1439200e2714048e80, type: 3}
      propertyPath: m_LocalEulerAnglesHint.y
      value: -4.1019897
      objectReference: {fileID: 0}
    - target: {fileID: 1506444221524431132, guid: 3d812d350fe70f1439200e2714048e80, type: 3}
      propertyPath: m_LocalEulerAnglesHint.z
      value: 179.184
      objectReference: {fileID: 0}
    - target: {fileID: 1506444221524431132, guid: 3d812d350fe70f1439200e2714048e80, type: 3}
      propertyPath: m_LocalScale.x
      value: 0.16825004
      objectReference: {fileID: 0}
    - target: {fileID: 1506444221524431132, guid: 3d812d350fe70f1439200e2714048e80, type: 3}
      propertyPath: m_LocalScale.y
      value: 0.16825
      objectReference: {fileID: 0}
    - target: {fileID: 1506444221524431132, guid: 3d812d350fe70f1439200e2714048e80, type: 3}
      propertyPath: m_LocalScale.z
      value: 0.16825004
      objectReference: {fileID: 0}
    - target: {fileID: 2282242701385993126, guid: 3d812d350fe70f1439200e2714048e80, type: 3}
      propertyPath: m_Name
      value: firstAid (28)
      objectReference: {fileID: 0}
    m_RemovedComponents: []
  m_SourcePrefab: {fileID: 100100000, guid: 3d812d350fe70f1439200e2714048e80, type: 3}
--- !u!4 &4043624914013441723 stripped
Transform:
  m_CorrespondingSourceObject: {fileID: 1506444221524431132, guid: 3d812d350fe70f1439200e2714048e80, type: 3}
  m_PrefabInstance: {fileID: 3240938507884535719}
  m_PrefabAsset: {fileID: 0}
--- !u!1001 &3319427030295748544
PrefabInstance:
  m_ObjectHideFlags: 0
  serializedVersion: 2
  m_Modification:
    m_TransformParent: {fileID: 8647721484932380563}
    m_Modifications:
    - target: {fileID: 1506444221524431132, guid: 3d812d350fe70f1439200e2714048e80, type: 3}
      propertyPath: m_LocalPosition.x
      value: 0.23308563
      objectReference: {fileID: 0}
    - target: {fileID: 1506444221524431132, guid: 3d812d350fe70f1439200e2714048e80, type: 3}
      propertyPath: m_LocalPosition.y
      value: -1.1002921
      objectReference: {fileID: 0}
    - target: {fileID: 1506444221524431132, guid: 3d812d350fe70f1439200e2714048e80, type: 3}
      propertyPath: m_LocalPosition.z
      value: -0.55864716
      objectReference: {fileID: 0}
    - target: {fileID: 1506444221524431132, guid: 3d812d350fe70f1439200e2714048e80, type: 3}
      propertyPath: m_LocalRotation.x
      value: 0.000001955777
      objectReference: {fileID: 0}
    - target: {fileID: 1506444221524431132, guid: 3d812d350fe70f1439200e2714048e80, type: 3}
      propertyPath: m_LocalRotation.y
      value: -0.000000048428763
      objectReference: {fileID: 0}
    - target: {fileID: 1506444221524431132, guid: 3d812d350fe70f1439200e2714048e80, type: 3}
      propertyPath: m_LocalRotation.z
      value: 0.000000002328306
      objectReference: {fileID: 0}
    - target: {fileID: 1506444221524431132, guid: 3d812d350fe70f1439200e2714048e80, type: 3}
      propertyPath: m_LocalRotation.w
      value: 1
      objectReference: {fileID: 0}
    - target: {fileID: 1506444221524431132, guid: 3d812d350fe70f1439200e2714048e80, type: 3}
      propertyPath: m_RootOrder
      value: 10
      objectReference: {fileID: 0}
    - target: {fileID: 1506444221524431132, guid: 3d812d350fe70f1439200e2714048e80, type: 3}
      propertyPath: m_LocalEulerAnglesHint.x
      value: -189.141
      objectReference: {fileID: 0}
    - target: {fileID: 1506444221524431132, guid: 3d812d350fe70f1439200e2714048e80, type: 3}
      propertyPath: m_LocalEulerAnglesHint.y
      value: -4.1019897
      objectReference: {fileID: 0}
    - target: {fileID: 1506444221524431132, guid: 3d812d350fe70f1439200e2714048e80, type: 3}
      propertyPath: m_LocalEulerAnglesHint.z
      value: 179.184
      objectReference: {fileID: 0}
    - target: {fileID: 1506444221524431132, guid: 3d812d350fe70f1439200e2714048e80, type: 3}
      propertyPath: m_LocalScale.x
      value: 0.16825004
      objectReference: {fileID: 0}
    - target: {fileID: 1506444221524431132, guid: 3d812d350fe70f1439200e2714048e80, type: 3}
      propertyPath: m_LocalScale.y
      value: 0.16825
      objectReference: {fileID: 0}
    - target: {fileID: 1506444221524431132, guid: 3d812d350fe70f1439200e2714048e80, type: 3}
      propertyPath: m_LocalScale.z
      value: 0.16825004
      objectReference: {fileID: 0}
    - target: {fileID: 2282242701385993126, guid: 3d812d350fe70f1439200e2714048e80, type: 3}
      propertyPath: m_Name
      value: firstAid (29)
      objectReference: {fileID: 0}
    m_RemovedComponents: []
  m_SourcePrefab: {fileID: 100100000, guid: 3d812d350fe70f1439200e2714048e80, type: 3}
--- !u!4 &4248880466175512284 stripped
Transform:
  m_CorrespondingSourceObject: {fileID: 1506444221524431132, guid: 3d812d350fe70f1439200e2714048e80, type: 3}
  m_PrefabInstance: {fileID: 3319427030295748544}
  m_PrefabAsset: {fileID: 0}
--- !u!1001 &3844512092977972535
PrefabInstance:
  m_ObjectHideFlags: 0
  serializedVersion: 2
  m_Modification:
    m_TransformParent: {fileID: 8647721484932380563}
    m_Modifications:
    - target: {fileID: 3508867019863188656, guid: 3c79917b18c11a744ad9e56262dfa600, type: 3}
      propertyPath: m_LocalPosition.x
      value: 0.35889578
      objectReference: {fileID: 0}
    - target: {fileID: 3508867019863188656, guid: 3c79917b18c11a744ad9e56262dfa600, type: 3}
      propertyPath: m_LocalPosition.y
      value: -0.5192376
      objectReference: {fileID: 0}
    - target: {fileID: 3508867019863188656, guid: 3c79917b18c11a744ad9e56262dfa600, type: 3}
      propertyPath: m_LocalPosition.z
      value: -0.50922394
      objectReference: {fileID: 0}
    - target: {fileID: 3508867019863188656, guid: 3c79917b18c11a744ad9e56262dfa600, type: 3}
      propertyPath: m_LocalRotation.x
      value: 0.0000009164213
      objectReference: {fileID: 0}
    - target: {fileID: 3508867019863188656, guid: 3c79917b18c11a744ad9e56262dfa600, type: 3}
      propertyPath: m_LocalRotation.y
      value: 0.0000015608964
      objectReference: {fileID: 0}
    - target: {fileID: 3508867019863188656, guid: 3c79917b18c11a744ad9e56262dfa600, type: 3}
      propertyPath: m_LocalRotation.z
      value: -0.0000026611376
      objectReference: {fileID: 0}
    - target: {fileID: 3508867019863188656, guid: 3c79917b18c11a744ad9e56262dfa600, type: 3}
      propertyPath: m_LocalRotation.w
      value: -1
      objectReference: {fileID: 0}
    - target: {fileID: 3508867019863188656, guid: 3c79917b18c11a744ad9e56262dfa600, type: 3}
      propertyPath: m_RootOrder
      value: 15
      objectReference: {fileID: 0}
    - target: {fileID: 3508867019863188656, guid: 3c79917b18c11a744ad9e56262dfa600, type: 3}
      propertyPath: m_LocalEulerAnglesHint.x
      value: 0
      objectReference: {fileID: 0}
    - target: {fileID: 3508867019863188656, guid: 3c79917b18c11a744ad9e56262dfa600, type: 3}
      propertyPath: m_LocalEulerAnglesHint.y
      value: 360
      objectReference: {fileID: 0}
    - target: {fileID: 3508867019863188656, guid: 3c79917b18c11a744ad9e56262dfa600, type: 3}
      propertyPath: m_LocalEulerAnglesHint.z
      value: 0
      objectReference: {fileID: 0}
    - target: {fileID: 3508867019863188656, guid: 3c79917b18c11a744ad9e56262dfa600, type: 3}
      propertyPath: m_LocalScale.x
      value: -0.23965205
      objectReference: {fileID: 0}
    - target: {fileID: 3508867019863188656, guid: 3c79917b18c11a744ad9e56262dfa600, type: 3}
      propertyPath: m_LocalScale.y
      value: 0.23965201
      objectReference: {fileID: 0}
    - target: {fileID: 3508867019863188656, guid: 3c79917b18c11a744ad9e56262dfa600, type: 3}
      propertyPath: m_LocalScale.z
      value: 0.23965205
      objectReference: {fileID: 0}
    - target: {fileID: 4321818856574631434, guid: 3c79917b18c11a744ad9e56262dfa600, type: 3}
      propertyPath: m_Name
      value: ammoBoxcleanBullet (26)
      objectReference: {fileID: 0}
    m_RemovedComponents: []
  m_SourcePrefab: {fileID: 100100000, guid: 3c79917b18c11a744ad9e56262dfa600, type: 3}
--- !u!4 &426589172562796935 stripped
Transform:
  m_CorrespondingSourceObject: {fileID: 3508867019863188656, guid: 3c79917b18c11a744ad9e56262dfa600, type: 3}
  m_PrefabInstance: {fileID: 3844512092977972535}
  m_PrefabAsset: {fileID: 0}
--- !u!1001 &4077093948939010588
PrefabInstance:
  m_ObjectHideFlags: 0
  serializedVersion: 2
  m_Modification:
    m_TransformParent: {fileID: 8647721484932380563}
    m_Modifications:
    - target: {fileID: 1506444221524431132, guid: 3d812d350fe70f1439200e2714048e80, type: 3}
      propertyPath: m_LocalPosition.x
      value: -0.423
      objectReference: {fileID: 0}
    - target: {fileID: 1506444221524431132, guid: 3d812d350fe70f1439200e2714048e80, type: 3}
      propertyPath: m_LocalPosition.y
      value: -1.1
      objectReference: {fileID: 0}
    - target: {fileID: 1506444221524431132, guid: 3d812d350fe70f1439200e2714048e80, type: 3}
      propertyPath: m_LocalPosition.z
      value: -0.559
      objectReference: {fileID: 0}
    - target: {fileID: 1506444221524431132, guid: 3d812d350fe70f1439200e2714048e80, type: 3}
      propertyPath: m_LocalRotation.x
      value: 0.000001955777
      objectReference: {fileID: 0}
    - target: {fileID: 1506444221524431132, guid: 3d812d350fe70f1439200e2714048e80, type: 3}
      propertyPath: m_LocalRotation.y
      value: -0.000000048428763
      objectReference: {fileID: 0}
    - target: {fileID: 1506444221524431132, guid: 3d812d350fe70f1439200e2714048e80, type: 3}
      propertyPath: m_LocalRotation.z
      value: 0.000000002328306
      objectReference: {fileID: 0}
    - target: {fileID: 1506444221524431132, guid: 3d812d350fe70f1439200e2714048e80, type: 3}
      propertyPath: m_LocalRotation.w
      value: 1
      objectReference: {fileID: 0}
    - target: {fileID: 1506444221524431132, guid: 3d812d350fe70f1439200e2714048e80, type: 3}
      propertyPath: m_RootOrder
      value: 19
      objectReference: {fileID: 0}
    - target: {fileID: 1506444221524431132, guid: 3d812d350fe70f1439200e2714048e80, type: 3}
      propertyPath: m_LocalEulerAnglesHint.x
      value: -189.141
      objectReference: {fileID: 0}
    - target: {fileID: 1506444221524431132, guid: 3d812d350fe70f1439200e2714048e80, type: 3}
      propertyPath: m_LocalEulerAnglesHint.y
      value: -4.1019897
      objectReference: {fileID: 0}
    - target: {fileID: 1506444221524431132, guid: 3d812d350fe70f1439200e2714048e80, type: 3}
      propertyPath: m_LocalEulerAnglesHint.z
      value: 179.184
      objectReference: {fileID: 0}
    - target: {fileID: 1506444221524431132, guid: 3d812d350fe70f1439200e2714048e80, type: 3}
      propertyPath: m_LocalScale.x
      value: 0.16825004
      objectReference: {fileID: 0}
    - target: {fileID: 1506444221524431132, guid: 3d812d350fe70f1439200e2714048e80, type: 3}
      propertyPath: m_LocalScale.y
      value: 0.16825
      objectReference: {fileID: 0}
    - target: {fileID: 1506444221524431132, guid: 3d812d350fe70f1439200e2714048e80, type: 3}
      propertyPath: m_LocalScale.z
      value: 0.16825004
      objectReference: {fileID: 0}
    - target: {fileID: 2282242701385993126, guid: 3d812d350fe70f1439200e2714048e80, type: 3}
      propertyPath: m_Name
      value: firstAid (32)
      objectReference: {fileID: 0}
    m_RemovedComponents: []
  m_SourcePrefab: {fileID: 100100000, guid: 3d812d350fe70f1439200e2714048e80, type: 3}
--- !u!4 &3202983276604084992 stripped
Transform:
  m_CorrespondingSourceObject: {fileID: 1506444221524431132, guid: 3d812d350fe70f1439200e2714048e80, type: 3}
  m_PrefabInstance: {fileID: 4077093948939010588}
  m_PrefabAsset: {fileID: 0}
--- !u!1001 &4286378746967892976
PrefabInstance:
  m_ObjectHideFlags: 0
  serializedVersion: 2
  m_Modification:
    m_TransformParent: {fileID: 8647721484932380563}
    m_Modifications:
    - target: {fileID: 3508867019863188656, guid: 3c79917b18c11a744ad9e56262dfa600, type: 3}
      propertyPath: m_LocalPosition.x
      value: -0.60310835
      objectReference: {fileID: 0}
    - target: {fileID: 3508867019863188656, guid: 3c79917b18c11a744ad9e56262dfa600, type: 3}
      propertyPath: m_LocalPosition.y
      value: -0.5193448
      objectReference: {fileID: 0}
    - target: {fileID: 3508867019863188656, guid: 3c79917b18c11a744ad9e56262dfa600, type: 3}
      propertyPath: m_LocalPosition.z
      value: -0.31396678
      objectReference: {fileID: 0}
    - target: {fileID: 3508867019863188656, guid: 3c79917b18c11a744ad9e56262dfa600, type: 3}
      propertyPath: m_LocalRotation.x
      value: -0.0000007227062
      objectReference: {fileID: 0}
    - target: {fileID: 3508867019863188656, guid: 3c79917b18c11a744ad9e56262dfa600, type: 3}
      propertyPath: m_LocalRotation.y
      value: 0.0000035241242
      objectReference: {fileID: 0}
    - target: {fileID: 3508867019863188656, guid: 3c79917b18c11a744ad9e56262dfa600, type: 3}
      propertyPath: m_LocalRotation.z
      value: 0.0000028258653
      objectReference: {fileID: 0}
    - target: {fileID: 3508867019863188656, guid: 3c79917b18c11a744ad9e56262dfa600, type: 3}
      propertyPath: m_LocalRotation.w
      value: 1
      objectReference: {fileID: 0}
    - target: {fileID: 3508867019863188656, guid: 3c79917b18c11a744ad9e56262dfa600, type: 3}
      propertyPath: m_RootOrder
      value: 3
      objectReference: {fileID: 0}
    - target: {fileID: 3508867019863188656, guid: 3c79917b18c11a744ad9e56262dfa600, type: 3}
      propertyPath: m_LocalEulerAnglesHint.x
      value: 0
      objectReference: {fileID: 0}
    - target: {fileID: 3508867019863188656, guid: 3c79917b18c11a744ad9e56262dfa600, type: 3}
      propertyPath: m_LocalEulerAnglesHint.y
      value: 0
      objectReference: {fileID: 0}
    - target: {fileID: 3508867019863188656, guid: 3c79917b18c11a744ad9e56262dfa600, type: 3}
      propertyPath: m_LocalEulerAnglesHint.z
      value: 0
      objectReference: {fileID: 0}
    - target: {fileID: 3508867019863188656, guid: 3c79917b18c11a744ad9e56262dfa600, type: 3}
      propertyPath: m_LocalScale.x
      value: 0.23965205
      objectReference: {fileID: 0}
    - target: {fileID: 3508867019863188656, guid: 3c79917b18c11a744ad9e56262dfa600, type: 3}
      propertyPath: m_LocalScale.y
      value: 0.23965201
      objectReference: {fileID: 0}
    - target: {fileID: 3508867019863188656, guid: 3c79917b18c11a744ad9e56262dfa600, type: 3}
      propertyPath: m_LocalScale.z
      value: 0.23965205
      objectReference: {fileID: 0}
    - target: {fileID: 4321818856574631434, guid: 3c79917b18c11a744ad9e56262dfa600, type: 3}
      propertyPath: m_Name
      value: ammoBoxcleanBullet (19)
      objectReference: {fileID: 0}
    m_RemovedComponents: []
  m_SourcePrefab: {fileID: 100100000, guid: 3c79917b18c11a744ad9e56262dfa600, type: 3}
--- !u!4 &850539538215946048 stripped
Transform:
  m_CorrespondingSourceObject: {fileID: 3508867019863188656, guid: 3c79917b18c11a744ad9e56262dfa600, type: 3}
  m_PrefabInstance: {fileID: 4286378746967892976}
  m_PrefabAsset: {fileID: 0}
--- !u!1001 &5614185613210683254
PrefabInstance:
  m_ObjectHideFlags: 0
  serializedVersion: 2
  m_Modification:
    m_TransformParent: {fileID: 8647721484932380563}
    m_Modifications:
    - target: {fileID: 3508867019863188656, guid: 3c79917b18c11a744ad9e56262dfa600, type: 3}
      propertyPath: m_LocalPosition.x
      value: -0.1030426
      objectReference: {fileID: 0}
    - target: {fileID: 3508867019863188656, guid: 3c79917b18c11a744ad9e56262dfa600, type: 3}
      propertyPath: m_LocalPosition.y
      value: -0.5191833
      objectReference: {fileID: 0}
    - target: {fileID: 3508867019863188656, guid: 3c79917b18c11a744ad9e56262dfa600, type: 3}
      propertyPath: m_LocalPosition.z
      value: -0.50922394
      objectReference: {fileID: 0}
    - target: {fileID: 3508867019863188656, guid: 3c79917b18c11a744ad9e56262dfa600, type: 3}
      propertyPath: m_LocalRotation.x
      value: -0.0000000029103826
      objectReference: {fileID: 0}
    - target: {fileID: 3508867019863188656, guid: 3c79917b18c11a744ad9e56262dfa600, type: 3}
      propertyPath: m_LocalRotation.y
      value: 1
      objectReference: {fileID: 0}
    - target: {fileID: 3508867019863188656, guid: 3c79917b18c11a744ad9e56262dfa600, type: 3}
      propertyPath: m_LocalRotation.z
      value: -0.00000008940696
      objectReference: {fileID: 0}
    - target: {fileID: 3508867019863188656, guid: 3c79917b18c11a744ad9e56262dfa600, type: 3}
      propertyPath: m_LocalRotation.w
      value: -0.0000008754431
      objectReference: {fileID: 0}
    - target: {fileID: 3508867019863188656, guid: 3c79917b18c11a744ad9e56262dfa600, type: 3}
      propertyPath: m_RootOrder
      value: 7
      objectReference: {fileID: 0}
    - target: {fileID: 3508867019863188656, guid: 3c79917b18c11a744ad9e56262dfa600, type: 3}
      propertyPath: m_LocalEulerAnglesHint.x
      value: -9.141
      objectReference: {fileID: 0}
    - target: {fileID: 3508867019863188656, guid: 3c79917b18c11a744ad9e56262dfa600, type: 3}
      propertyPath: m_LocalEulerAnglesHint.y
      value: 355.898
      objectReference: {fileID: 0}
    - target: {fileID: 3508867019863188656, guid: 3c79917b18c11a744ad9e56262dfa600, type: 3}
      propertyPath: m_LocalEulerAnglesHint.z
      value: 0.816
      objectReference: {fileID: 0}
    - target: {fileID: 3508867019863188656, guid: 3c79917b18c11a744ad9e56262dfa600, type: 3}
      propertyPath: m_LocalScale.x
      value: -0.23965205
      objectReference: {fileID: 0}
    - target: {fileID: 3508867019863188656, guid: 3c79917b18c11a744ad9e56262dfa600, type: 3}
      propertyPath: m_LocalScale.y
      value: 0.23965201
      objectReference: {fileID: 0}
    - target: {fileID: 3508867019863188656, guid: 3c79917b18c11a744ad9e56262dfa600, type: 3}
      propertyPath: m_LocalScale.z
      value: 0.23965205
      objectReference: {fileID: 0}
    - target: {fileID: 4321818856574631434, guid: 3c79917b18c11a744ad9e56262dfa600, type: 3}
      propertyPath: m_Name
      value: ammoBoxcleanBullet (23)
      objectReference: {fileID: 0}
    m_RemovedComponents: []
  m_SourcePrefab: {fileID: 100100000, guid: 3c79917b18c11a744ad9e56262dfa600, type: 3}
--- !u!4 &9032083295894987718 stripped
Transform:
  m_CorrespondingSourceObject: {fileID: 3508867019863188656, guid: 3c79917b18c11a744ad9e56262dfa600, type: 3}
  m_PrefabInstance: {fileID: 5614185613210683254}
  m_PrefabAsset: {fileID: 0}
--- !u!1001 &5669193817256972410
PrefabInstance:
  m_ObjectHideFlags: 0
  serializedVersion: 2
  m_Modification:
    m_TransformParent: {fileID: 8647721484932380563}
    m_Modifications:
    - target: {fileID: 3508867019863188656, guid: 3c79917b18c11a744ad9e56262dfa600, type: 3}
      propertyPath: m_LocalPosition.x
      value: -0.10284424
      objectReference: {fileID: 0}
    - target: {fileID: 3508867019863188656, guid: 3c79917b18c11a744ad9e56262dfa600, type: 3}
      propertyPath: m_LocalPosition.y
      value: -0.5192312
      objectReference: {fileID: 0}
    - target: {fileID: 3508867019863188656, guid: 3c79917b18c11a744ad9e56262dfa600, type: 3}
      propertyPath: m_LocalPosition.z
      value: -0.10646057
      objectReference: {fileID: 0}
    - target: {fileID: 3508867019863188656, guid: 3c79917b18c11a744ad9e56262dfa600, type: 3}
      propertyPath: m_LocalRotation.x
      value: -0.0000000029103826
      objectReference: {fileID: 0}
    - target: {fileID: 3508867019863188656, guid: 3c79917b18c11a744ad9e56262dfa600, type: 3}
      propertyPath: m_LocalRotation.y
      value: 1
      objectReference: {fileID: 0}
    - target: {fileID: 3508867019863188656, guid: 3c79917b18c11a744ad9e56262dfa600, type: 3}
      propertyPath: m_LocalRotation.z
      value: -0.00000008940696
      objectReference: {fileID: 0}
    - target: {fileID: 3508867019863188656, guid: 3c79917b18c11a744ad9e56262dfa600, type: 3}
      propertyPath: m_LocalRotation.w
      value: -0.0000008754431
      objectReference: {fileID: 0}
    - target: {fileID: 3508867019863188656, guid: 3c79917b18c11a744ad9e56262dfa600, type: 3}
      propertyPath: m_RootOrder
      value: 6
      objectReference: {fileID: 0}
    - target: {fileID: 3508867019863188656, guid: 3c79917b18c11a744ad9e56262dfa600, type: 3}
      propertyPath: m_LocalEulerAnglesHint.x
      value: -9.141
      objectReference: {fileID: 0}
    - target: {fileID: 3508867019863188656, guid: 3c79917b18c11a744ad9e56262dfa600, type: 3}
      propertyPath: m_LocalEulerAnglesHint.y
      value: 355.898
      objectReference: {fileID: 0}
    - target: {fileID: 3508867019863188656, guid: 3c79917b18c11a744ad9e56262dfa600, type: 3}
      propertyPath: m_LocalEulerAnglesHint.z
      value: 0.816
      objectReference: {fileID: 0}
    - target: {fileID: 3508867019863188656, guid: 3c79917b18c11a744ad9e56262dfa600, type: 3}
      propertyPath: m_LocalScale.x
      value: -0.23965205
      objectReference: {fileID: 0}
    - target: {fileID: 3508867019863188656, guid: 3c79917b18c11a744ad9e56262dfa600, type: 3}
      propertyPath: m_LocalScale.y
      value: 0.23965201
      objectReference: {fileID: 0}
    - target: {fileID: 3508867019863188656, guid: 3c79917b18c11a744ad9e56262dfa600, type: 3}
      propertyPath: m_LocalScale.z
      value: 0.23965205
      objectReference: {fileID: 0}
    - target: {fileID: 4321818856574631434, guid: 3c79917b18c11a744ad9e56262dfa600, type: 3}
      propertyPath: m_Name
      value: ammoBoxcleanBullet (22)
      objectReference: {fileID: 0}
    m_RemovedComponents: []
  m_SourcePrefab: {fileID: 100100000, guid: 3c79917b18c11a744ad9e56262dfa600, type: 3}
--- !u!4 &9087413351435613386 stripped
Transform:
  m_CorrespondingSourceObject: {fileID: 3508867019863188656, guid: 3c79917b18c11a744ad9e56262dfa600, type: 3}
  m_PrefabInstance: {fileID: 5669193817256972410}
  m_PrefabAsset: {fileID: 0}
--- !u!1001 &5694762345208154055
PrefabInstance:
  m_ObjectHideFlags: 0
  serializedVersion: 2
  m_Modification:
    m_TransformParent: {fileID: 8647721484932380563}
    m_Modifications:
    - target: {fileID: 3508867019863188656, guid: 3c79917b18c11a744ad9e56262dfa600, type: 3}
      propertyPath: m_LocalPosition.x
      value: -0.6028429
      objectReference: {fileID: 0}
    - target: {fileID: 3508867019863188656, guid: 3c79917b18c11a744ad9e56262dfa600, type: 3}
      propertyPath: m_LocalPosition.y
      value: -0.51924556
      objectReference: {fileID: 0}
    - target: {fileID: 3508867019863188656, guid: 3c79917b18c11a744ad9e56262dfa600, type: 3}
      propertyPath: m_LocalPosition.z
      value: -0.51599073
      objectReference: {fileID: 0}
    - target: {fileID: 3508867019863188656, guid: 3c79917b18c11a744ad9e56262dfa600, type: 3}
      propertyPath: m_LocalRotation.x
      value: -0.0000007227062
      objectReference: {fileID: 0}
    - target: {fileID: 3508867019863188656, guid: 3c79917b18c11a744ad9e56262dfa600, type: 3}
      propertyPath: m_LocalRotation.y
      value: 0.0000035241242
      objectReference: {fileID: 0}
    - target: {fileID: 3508867019863188656, guid: 3c79917b18c11a744ad9e56262dfa600, type: 3}
      propertyPath: m_LocalRotation.z
      value: 0.0000028258653
      objectReference: {fileID: 0}
    - target: {fileID: 3508867019863188656, guid: 3c79917b18c11a744ad9e56262dfa600, type: 3}
      propertyPath: m_LocalRotation.w
      value: 1
      objectReference: {fileID: 0}
    - target: {fileID: 3508867019863188656, guid: 3c79917b18c11a744ad9e56262dfa600, type: 3}
      propertyPath: m_RootOrder
      value: 4
      objectReference: {fileID: 0}
    - target: {fileID: 3508867019863188656, guid: 3c79917b18c11a744ad9e56262dfa600, type: 3}
      propertyPath: m_LocalEulerAnglesHint.x
      value: 0
      objectReference: {fileID: 0}
    - target: {fileID: 3508867019863188656, guid: 3c79917b18c11a744ad9e56262dfa600, type: 3}
      propertyPath: m_LocalEulerAnglesHint.y
      value: 0
      objectReference: {fileID: 0}
    - target: {fileID: 3508867019863188656, guid: 3c79917b18c11a744ad9e56262dfa600, type: 3}
      propertyPath: m_LocalEulerAnglesHint.z
      value: 0
      objectReference: {fileID: 0}
    - target: {fileID: 3508867019863188656, guid: 3c79917b18c11a744ad9e56262dfa600, type: 3}
      propertyPath: m_LocalScale.x
      value: 0.23965205
      objectReference: {fileID: 0}
    - target: {fileID: 3508867019863188656, guid: 3c79917b18c11a744ad9e56262dfa600, type: 3}
      propertyPath: m_LocalScale.y
      value: 0.23965201
      objectReference: {fileID: 0}
    - target: {fileID: 3508867019863188656, guid: 3c79917b18c11a744ad9e56262dfa600, type: 3}
      propertyPath: m_LocalScale.z
      value: 0.23965205
      objectReference: {fileID: 0}
    - target: {fileID: 4321818856574631434, guid: 3c79917b18c11a744ad9e56262dfa600, type: 3}
      propertyPath: m_Name
      value: ammoBoxcleanBullet (20)
      objectReference: {fileID: 0}
    m_RemovedComponents: []
  m_SourcePrefab: {fileID: 100100000, guid: 3c79917b18c11a744ad9e56262dfa600, type: 3}
--- !u!4 &9202582303247721335 stripped
Transform:
  m_CorrespondingSourceObject: {fileID: 3508867019863188656, guid: 3c79917b18c11a744ad9e56262dfa600, type: 3}
  m_PrefabInstance: {fileID: 5694762345208154055}
  m_PrefabAsset: {fileID: 0}
--- !u!1001 &5780283376637765130
PrefabInstance:
  m_ObjectHideFlags: 0
  serializedVersion: 2
  m_Modification:
    m_TransformParent: {fileID: 8647721484932380563}
    m_Modifications:
    - target: {fileID: 1506444221524431132, guid: 3d812d350fe70f1439200e2714048e80, type: 3}
      propertyPath: m_LocalPosition.x
      value: -0.422
      objectReference: {fileID: 0}
    - target: {fileID: 1506444221524431132, guid: 3d812d350fe70f1439200e2714048e80, type: 3}
      propertyPath: m_LocalPosition.y
      value: -1.1
      objectReference: {fileID: 0}
    - target: {fileID: 1506444221524431132, guid: 3d812d350fe70f1439200e2714048e80, type: 3}
      propertyPath: m_LocalPosition.z
      value: -0.09
      objectReference: {fileID: 0}
    - target: {fileID: 1506444221524431132, guid: 3d812d350fe70f1439200e2714048e80, type: 3}
      propertyPath: m_LocalRotation.x
      value: 0.000001955777
      objectReference: {fileID: 0}
    - target: {fileID: 1506444221524431132, guid: 3d812d350fe70f1439200e2714048e80, type: 3}
      propertyPath: m_LocalRotation.y
      value: -0.000000048428763
      objectReference: {fileID: 0}
    - target: {fileID: 1506444221524431132, guid: 3d812d350fe70f1439200e2714048e80, type: 3}
      propertyPath: m_LocalRotation.z
      value: 0.000000002328306
      objectReference: {fileID: 0}
    - target: {fileID: 1506444221524431132, guid: 3d812d350fe70f1439200e2714048e80, type: 3}
      propertyPath: m_LocalRotation.w
      value: 1
      objectReference: {fileID: 0}
    - target: {fileID: 1506444221524431132, guid: 3d812d350fe70f1439200e2714048e80, type: 3}
      propertyPath: m_RootOrder
      value: 17
      objectReference: {fileID: 0}
    - target: {fileID: 1506444221524431132, guid: 3d812d350fe70f1439200e2714048e80, type: 3}
      propertyPath: m_LocalEulerAnglesHint.x
      value: -189.141
      objectReference: {fileID: 0}
    - target: {fileID: 1506444221524431132, guid: 3d812d350fe70f1439200e2714048e80, type: 3}
      propertyPath: m_LocalEulerAnglesHint.y
      value: -4.1019897
      objectReference: {fileID: 0}
    - target: {fileID: 1506444221524431132, guid: 3d812d350fe70f1439200e2714048e80, type: 3}
      propertyPath: m_LocalEulerAnglesHint.z
      value: 179.184
      objectReference: {fileID: 0}
    - target: {fileID: 1506444221524431132, guid: 3d812d350fe70f1439200e2714048e80, type: 3}
      propertyPath: m_LocalScale.x
      value: 0.16825004
      objectReference: {fileID: 0}
    - target: {fileID: 1506444221524431132, guid: 3d812d350fe70f1439200e2714048e80, type: 3}
      propertyPath: m_LocalScale.y
      value: 0.16825
      objectReference: {fileID: 0}
    - target: {fileID: 1506444221524431132, guid: 3d812d350fe70f1439200e2714048e80, type: 3}
      propertyPath: m_LocalScale.z
      value: 0.16825004
      objectReference: {fileID: 0}
    - target: {fileID: 2282242701385993126, guid: 3d812d350fe70f1439200e2714048e80, type: 3}
      propertyPath: m_Name
      value: firstAid (30)
      objectReference: {fileID: 0}
    m_RemovedComponents: []
  m_SourcePrefab: {fileID: 100100000, guid: 3d812d350fe70f1439200e2714048e80, type: 3}
--- !u!4 &4958540235751405334 stripped
Transform:
  m_CorrespondingSourceObject: {fileID: 1506444221524431132, guid: 3d812d350fe70f1439200e2714048e80, type: 3}
  m_PrefabInstance: {fileID: 5780283376637765130}
  m_PrefabAsset: {fileID: 0}
--- !u!1001 &6140915036796177728
PrefabInstance:
  m_ObjectHideFlags: 0
  serializedVersion: 2
  m_Modification:
    m_TransformParent: {fileID: 8647721484932380563}
    m_Modifications:
    - target: {fileID: 3508867019863188656, guid: 3c79917b18c11a744ad9e56262dfa600, type: 3}
      propertyPath: m_LocalPosition.x
      value: -0.60299975
      objectReference: {fileID: 0}
    - target: {fileID: 3508867019863188656, guid: 3c79917b18c11a744ad9e56262dfa600, type: 3}
      propertyPath: m_LocalPosition.y
      value: -0.5190056
      objectReference: {fileID: 0}
    - target: {fileID: 3508867019863188656, guid: 3c79917b18c11a744ad9e56262dfa600, type: 3}
      propertyPath: m_LocalPosition.z
      value: -0.10645587
      objectReference: {fileID: 0}
    - target: {fileID: 3508867019863188656, guid: 3c79917b18c11a744ad9e56262dfa600, type: 3}
      propertyPath: m_LocalRotation.x
      value: -0.0000007227062
      objectReference: {fileID: 0}
    - target: {fileID: 3508867019863188656, guid: 3c79917b18c11a744ad9e56262dfa600, type: 3}
      propertyPath: m_LocalRotation.y
      value: 0.0000035241242
      objectReference: {fileID: 0}
    - target: {fileID: 3508867019863188656, guid: 3c79917b18c11a744ad9e56262dfa600, type: 3}
      propertyPath: m_LocalRotation.z
      value: 0.0000028258653
      objectReference: {fileID: 0}
    - target: {fileID: 3508867019863188656, guid: 3c79917b18c11a744ad9e56262dfa600, type: 3}
      propertyPath: m_LocalRotation.w
      value: 1
      objectReference: {fileID: 0}
    - target: {fileID: 3508867019863188656, guid: 3c79917b18c11a744ad9e56262dfa600, type: 3}
      propertyPath: m_RootOrder
      value: 13
      objectReference: {fileID: 0}
    - target: {fileID: 3508867019863188656, guid: 3c79917b18c11a744ad9e56262dfa600, type: 3}
      propertyPath: m_LocalEulerAnglesHint.x
      value: 0
      objectReference: {fileID: 0}
    - target: {fileID: 3508867019863188656, guid: 3c79917b18c11a744ad9e56262dfa600, type: 3}
      propertyPath: m_LocalEulerAnglesHint.y
      value: 0
      objectReference: {fileID: 0}
    - target: {fileID: 3508867019863188656, guid: 3c79917b18c11a744ad9e56262dfa600, type: 3}
      propertyPath: m_LocalEulerAnglesHint.z
      value: 0
      objectReference: {fileID: 0}
    - target: {fileID: 3508867019863188656, guid: 3c79917b18c11a744ad9e56262dfa600, type: 3}
      propertyPath: m_LocalScale.x
      value: 0.23965205
      objectReference: {fileID: 0}
    - target: {fileID: 3508867019863188656, guid: 3c79917b18c11a744ad9e56262dfa600, type: 3}
      propertyPath: m_LocalScale.y
      value: 0.23965201
      objectReference: {fileID: 0}
    - target: {fileID: 3508867019863188656, guid: 3c79917b18c11a744ad9e56262dfa600, type: 3}
      propertyPath: m_LocalScale.z
      value: 0.23965205
      objectReference: {fileID: 0}
    - target: {fileID: 4321818856574631434, guid: 3c79917b18c11a744ad9e56262dfa600, type: 3}
      propertyPath: m_Name
      value: ammoBoxcleanBullet (24)
      objectReference: {fileID: 0}
    m_RemovedComponents: []
  m_SourcePrefab: {fileID: 100100000, guid: 3c79917b18c11a744ad9e56262dfa600, type: 3}
--- !u!4 &7316403560064756208 stripped
Transform:
  m_CorrespondingSourceObject: {fileID: 3508867019863188656, guid: 3c79917b18c11a744ad9e56262dfa600, type: 3}
  m_PrefabInstance: {fileID: 6140915036796177728}
  m_PrefabAsset: {fileID: 0}
--- !u!1001 &7117842898378361936
PrefabInstance:
  m_ObjectHideFlags: 0
  serializedVersion: 2
  m_Modification:
    m_TransformParent: {fileID: 8647721484932380563}
    m_Modifications:
    - target: {fileID: 3508867019863188656, guid: 3c79917b18c11a744ad9e56262dfa600, type: 3}
      propertyPath: m_LocalPosition.x
      value: 0.359074
      objectReference: {fileID: 0}
    - target: {fileID: 3508867019863188656, guid: 3c79917b18c11a744ad9e56262dfa600, type: 3}
      propertyPath: m_LocalPosition.y
      value: -0.5192011
      objectReference: {fileID: 0}
    - target: {fileID: 3508867019863188656, guid: 3c79917b18c11a744ad9e56262dfa600, type: 3}
      propertyPath: m_LocalPosition.z
      value: -0.10646044
      objectReference: {fileID: 0}
    - target: {fileID: 3508867019863188656, guid: 3c79917b18c11a744ad9e56262dfa600, type: 3}
      propertyPath: m_LocalRotation.x
      value: 0.0000009164213
      objectReference: {fileID: 0}
    - target: {fileID: 3508867019863188656, guid: 3c79917b18c11a744ad9e56262dfa600, type: 3}
      propertyPath: m_LocalRotation.y
      value: 0.0000015608964
      objectReference: {fileID: 0}
    - target: {fileID: 3508867019863188656, guid: 3c79917b18c11a744ad9e56262dfa600, type: 3}
      propertyPath: m_LocalRotation.z
      value: -0.0000026611376
      objectReference: {fileID: 0}
    - target: {fileID: 3508867019863188656, guid: 3c79917b18c11a744ad9e56262dfa600, type: 3}
      propertyPath: m_LocalRotation.w
      value: -1
      objectReference: {fileID: 0}
    - target: {fileID: 3508867019863188656, guid: 3c79917b18c11a744ad9e56262dfa600, type: 3}
      propertyPath: m_RootOrder
      value: 16
      objectReference: {fileID: 0}
    - target: {fileID: 3508867019863188656, guid: 3c79917b18c11a744ad9e56262dfa600, type: 3}
      propertyPath: m_LocalEulerAnglesHint.x
      value: 0
      objectReference: {fileID: 0}
    - target: {fileID: 3508867019863188656, guid: 3c79917b18c11a744ad9e56262dfa600, type: 3}
      propertyPath: m_LocalEulerAnglesHint.y
      value: 360
      objectReference: {fileID: 0}
    - target: {fileID: 3508867019863188656, guid: 3c79917b18c11a744ad9e56262dfa600, type: 3}
      propertyPath: m_LocalEulerAnglesHint.z
      value: 0
      objectReference: {fileID: 0}
    - target: {fileID: 3508867019863188656, guid: 3c79917b18c11a744ad9e56262dfa600, type: 3}
      propertyPath: m_LocalScale.x
      value: -0.23965205
      objectReference: {fileID: 0}
    - target: {fileID: 3508867019863188656, guid: 3c79917b18c11a744ad9e56262dfa600, type: 3}
      propertyPath: m_LocalScale.y
      value: 0.23965201
      objectReference: {fileID: 0}
    - target: {fileID: 3508867019863188656, guid: 3c79917b18c11a744ad9e56262dfa600, type: 3}
      propertyPath: m_LocalScale.z
      value: 0.23965205
      objectReference: {fileID: 0}
    - target: {fileID: 4321818856574631434, guid: 3c79917b18c11a744ad9e56262dfa600, type: 3}
      propertyPath: m_Name
      value: ammoBoxcleanBullet (27)
      objectReference: {fileID: 0}
    m_RemovedComponents: []
  m_SourcePrefab: {fileID: 100100000, guid: 3c79917b18c11a744ad9e56262dfa600, type: 3}
--- !u!4 &5942033042131806432 stripped
Transform:
  m_CorrespondingSourceObject: {fileID: 3508867019863188656, guid: 3c79917b18c11a744ad9e56262dfa600, type: 3}
  m_PrefabInstance: {fileID: 7117842898378361936}
  m_PrefabAsset: {fileID: 0}
--- !u!1001 &7207269240205717908
PrefabInstance:
  m_ObjectHideFlags: 0
  serializedVersion: 2
  m_Modification:
    m_TransformParent: {fileID: 8647721484932380563}
    m_Modifications:
    - target: {fileID: 3508867019863188656, guid: 3c79917b18c11a744ad9e56262dfa600, type: 3}
      propertyPath: m_LocalPosition.x
      value: 0.35915655
      objectReference: {fileID: 0}
    - target: {fileID: 3508867019863188656, guid: 3c79917b18c11a744ad9e56262dfa600, type: 3}
      propertyPath: m_LocalPosition.y
      value: -0.5193454
      objectReference: {fileID: 0}
    - target: {fileID: 3508867019863188656, guid: 3c79917b18c11a744ad9e56262dfa600, type: 3}
      propertyPath: m_LocalPosition.z
      value: -0.3071776
      objectReference: {fileID: 0}
    - target: {fileID: 3508867019863188656, guid: 3c79917b18c11a744ad9e56262dfa600, type: 3}
      propertyPath: m_LocalRotation.x
      value: 0.0000009164213
      objectReference: {fileID: 0}
    - target: {fileID: 3508867019863188656, guid: 3c79917b18c11a744ad9e56262dfa600, type: 3}
      propertyPath: m_LocalRotation.y
      value: 0.0000015608964
      objectReference: {fileID: 0}
    - target: {fileID: 3508867019863188656, guid: 3c79917b18c11a744ad9e56262dfa600, type: 3}
      propertyPath: m_LocalRotation.z
      value: -0.0000026611376
      objectReference: {fileID: 0}
    - target: {fileID: 3508867019863188656, guid: 3c79917b18c11a744ad9e56262dfa600, type: 3}
      propertyPath: m_LocalRotation.w
      value: -1
      objectReference: {fileID: 0}
    - target: {fileID: 3508867019863188656, guid: 3c79917b18c11a744ad9e56262dfa600, type: 3}
      propertyPath: m_RootOrder
      value: 14
      objectReference: {fileID: 0}
    - target: {fileID: 3508867019863188656, guid: 3c79917b18c11a744ad9e56262dfa600, type: 3}
      propertyPath: m_LocalEulerAnglesHint.x
      value: 0
      objectReference: {fileID: 0}
    - target: {fileID: 3508867019863188656, guid: 3c79917b18c11a744ad9e56262dfa600, type: 3}
      propertyPath: m_LocalEulerAnglesHint.y
      value: 360
      objectReference: {fileID: 0}
    - target: {fileID: 3508867019863188656, guid: 3c79917b18c11a744ad9e56262dfa600, type: 3}
      propertyPath: m_LocalEulerAnglesHint.z
      value: 0
      objectReference: {fileID: 0}
    - target: {fileID: 3508867019863188656, guid: 3c79917b18c11a744ad9e56262dfa600, type: 3}
      propertyPath: m_LocalScale.x
      value: -0.23965205
      objectReference: {fileID: 0}
    - target: {fileID: 3508867019863188656, guid: 3c79917b18c11a744ad9e56262dfa600, type: 3}
      propertyPath: m_LocalScale.y
      value: 0.23965201
      objectReference: {fileID: 0}
    - target: {fileID: 3508867019863188656, guid: 3c79917b18c11a744ad9e56262dfa600, type: 3}
      propertyPath: m_LocalScale.z
      value: 0.23965205
      objectReference: {fileID: 0}
    - target: {fileID: 4321818856574631434, guid: 3c79917b18c11a744ad9e56262dfa600, type: 3}
      propertyPath: m_Name
      value: ammoBoxcleanBullet (25)
      objectReference: {fileID: 0}
    m_RemovedComponents: []
  m_SourcePrefab: {fileID: 100100000, guid: 3c79917b18c11a744ad9e56262dfa600, type: 3}
--- !u!4 &6103682368764695844 stripped
Transform:
  m_CorrespondingSourceObject: {fileID: 3508867019863188656, guid: 3c79917b18c11a744ad9e56262dfa600, type: 3}
  m_PrefabInstance: {fileID: 7207269240205717908}
  m_PrefabAsset: {fileID: 0}
--- !u!1001 &8313555082321561549
PrefabInstance:
  m_ObjectHideFlags: 0
  serializedVersion: 2
  m_Modification:
    m_TransformParent: {fileID: 8647721484932380563}
    m_Modifications:
    - target: {fileID: 1628060606338482008, guid: 04df3ea845dd2844aaf27741e8342a38, type: 3}
      propertyPath: m_Name
      value: soldierHelmet (2)
      objectReference: {fileID: 0}
    - target: {fileID: 2149299845707130338, guid: 04df3ea845dd2844aaf27741e8342a38, type: 3}
      propertyPath: m_LocalPosition.x
      value: 0.3530426
      objectReference: {fileID: 0}
    - target: {fileID: 2149299845707130338, guid: 04df3ea845dd2844aaf27741e8342a38, type: 3}
      propertyPath: m_LocalPosition.y
      value: 1.1878599
      objectReference: {fileID: 0}
    - target: {fileID: 2149299845707130338, guid: 04df3ea845dd2844aaf27741e8342a38, type: 3}
      propertyPath: m_LocalPosition.z
      value: -0.27139282
      objectReference: {fileID: 0}
    - target: {fileID: 2149299845707130338, guid: 04df3ea845dd2844aaf27741e8342a38, type: 3}
      propertyPath: m_LocalRotation.x
      value: 0.14875984
      objectReference: {fileID: 0}
    - target: {fileID: 2149299845707130338, guid: 04df3ea845dd2844aaf27741e8342a38, type: 3}
      propertyPath: m_LocalRotation.y
      value: 0.0748458
      objectReference: {fileID: 0}
    - target: {fileID: 2149299845707130338, guid: 04df3ea845dd2844aaf27741e8342a38, type: 3}
      propertyPath: m_LocalRotation.z
      value: -0.0060289903
      objectReference: {fileID: 0}
    - target: {fileID: 2149299845707130338, guid: 04df3ea845dd2844aaf27741e8342a38, type: 3}
      propertyPath: m_LocalRotation.w
      value: 0.98601836
      objectReference: {fileID: 0}
    - target: {fileID: 2149299845707130338, guid: 04df3ea845dd2844aaf27741e8342a38, type: 3}
      propertyPath: m_RootOrder
      value: 11
      objectReference: {fileID: 0}
    - target: {fileID: 2149299845707130338, guid: 04df3ea845dd2844aaf27741e8342a38, type: 3}
      propertyPath: m_LocalEulerAnglesHint.x
      value: 26.269
      objectReference: {fileID: 0}
    - target: {fileID: 2149299845707130338, guid: 04df3ea845dd2844aaf27741e8342a38, type: 3}
      propertyPath: m_LocalEulerAnglesHint.y
      value: 184.983
      objectReference: {fileID: 0}
    - target: {fileID: 2149299845707130338, guid: 04df3ea845dd2844aaf27741e8342a38, type: 3}
      propertyPath: m_LocalEulerAnglesHint.z
      value: 1.283
      objectReference: {fileID: 0}
    m_RemovedComponents: []
  m_SourcePrefab: {fileID: 100100000, guid: 04df3ea845dd2844aaf27741e8342a38, type: 3}
--- !u!4 &7965872264661393967 stripped
Transform:
  m_CorrespondingSourceObject: {fileID: 2149299845707130338, guid: 04df3ea845dd2844aaf27741e8342a38, type: 3}
  m_PrefabInstance: {fileID: 8313555082321561549}
  m_PrefabAsset: {fileID: 0}
--- !u!1001 &8930937921014276589
PrefabInstance:
  m_ObjectHideFlags: 0
  serializedVersion: 2
  m_Modification:
    m_TransformParent: {fileID: 8647721484932380563}
    m_Modifications:
    - target: {fileID: 1506444221524431132, guid: 3d812d350fe70f1439200e2714048e80, type: 3}
      propertyPath: m_LocalPosition.x
      value: 0.234
      objectReference: {fileID: 0}
    - target: {fileID: 1506444221524431132, guid: 3d812d350fe70f1439200e2714048e80, type: 3}
      propertyPath: m_LocalPosition.y
      value: -1.1
      objectReference: {fileID: 0}
    - target: {fileID: 1506444221524431132, guid: 3d812d350fe70f1439200e2714048e80, type: 3}
      propertyPath: m_LocalPosition.z
      value: -0.09
      objectReference: {fileID: 0}
    - target: {fileID: 1506444221524431132, guid: 3d812d350fe70f1439200e2714048e80, type: 3}
      propertyPath: m_LocalRotation.x
      value: 0.000001955777
      objectReference: {fileID: 0}
    - target: {fileID: 1506444221524431132, guid: 3d812d350fe70f1439200e2714048e80, type: 3}
      propertyPath: m_LocalRotation.y
      value: -0.000000048428763
      objectReference: {fileID: 0}
    - target: {fileID: 1506444221524431132, guid: 3d812d350fe70f1439200e2714048e80, type: 3}
      propertyPath: m_LocalRotation.z
      value: 0.000000002328306
      objectReference: {fileID: 0}
    - target: {fileID: 1506444221524431132, guid: 3d812d350fe70f1439200e2714048e80, type: 3}
      propertyPath: m_LocalRotation.w
      value: 1
      objectReference: {fileID: 0}
    - target: {fileID: 1506444221524431132, guid: 3d812d350fe70f1439200e2714048e80, type: 3}
      propertyPath: m_RootOrder
      value: 8
      objectReference: {fileID: 0}
    - target: {fileID: 1506444221524431132, guid: 3d812d350fe70f1439200e2714048e80, type: 3}
      propertyPath: m_LocalEulerAnglesHint.x
      value: -189.141
      objectReference: {fileID: 0}
    - target: {fileID: 1506444221524431132, guid: 3d812d350fe70f1439200e2714048e80, type: 3}
      propertyPath: m_LocalEulerAnglesHint.y
      value: -4.1019897
      objectReference: {fileID: 0}
    - target: {fileID: 1506444221524431132, guid: 3d812d350fe70f1439200e2714048e80, type: 3}
      propertyPath: m_LocalEulerAnglesHint.z
      value: 179.184
      objectReference: {fileID: 0}
    - target: {fileID: 1506444221524431132, guid: 3d812d350fe70f1439200e2714048e80, type: 3}
      propertyPath: m_LocalScale.x
      value: 0.16825004
      objectReference: {fileID: 0}
    - target: {fileID: 1506444221524431132, guid: 3d812d350fe70f1439200e2714048e80, type: 3}
      propertyPath: m_LocalScale.y
      value: 0.16825
      objectReference: {fileID: 0}
    - target: {fileID: 1506444221524431132, guid: 3d812d350fe70f1439200e2714048e80, type: 3}
      propertyPath: m_LocalScale.z
      value: 0.16825004
      objectReference: {fileID: 0}
    - target: {fileID: 2282242701385993126, guid: 3d812d350fe70f1439200e2714048e80, type: 3}
      propertyPath: m_Name
      value: firstAid (27)
      objectReference: {fileID: 0}
    m_RemovedComponents: []
  m_SourcePrefab: {fileID: 100100000, guid: 3d812d350fe70f1439200e2714048e80, type: 3}
--- !u!4 &8004840135847342321 stripped
Transform:
  m_CorrespondingSourceObject: {fileID: 1506444221524431132, guid: 3d812d350fe70f1439200e2714048e80, type: 3}
  m_PrefabInstance: {fileID: 8930937921014276589}
  m_PrefabAsset: {fileID: 0}
--- !u!1001 &9212121820483864754
PrefabInstance:
  m_ObjectHideFlags: 0
  serializedVersion: 2
  m_Modification:
    m_TransformParent: {fileID: 8647721484932380563}
    m_Modifications:
    - target: {fileID: 1628060606338482008, guid: 04df3ea845dd2844aaf27741e8342a38, type: 3}
      propertyPath: m_Name
      value: soldierHelmet (3)
      objectReference: {fileID: 0}
    - target: {fileID: 2149299845707130338, guid: 04df3ea845dd2844aaf27741e8342a38, type: 3}
      propertyPath: m_LocalPosition.x
      value: -0.55124664
      objectReference: {fileID: 0}
    - target: {fileID: 2149299845707130338, guid: 04df3ea845dd2844aaf27741e8342a38, type: 3}
      propertyPath: m_LocalPosition.y
      value: 1.1880821
      objectReference: {fileID: 0}
    - target: {fileID: 2149299845707130338, guid: 04df3ea845dd2844aaf27741e8342a38, type: 3}
      propertyPath: m_LocalPosition.z
      value: -0.27178955
      objectReference: {fileID: 0}
    - target: {fileID: 2149299845707130338, guid: 04df3ea845dd2844aaf27741e8342a38, type: 3}
      propertyPath: m_LocalRotation.x
      value: 0.14875984
      objectReference: {fileID: 0}
    - target: {fileID: 2149299845707130338, guid: 04df3ea845dd2844aaf27741e8342a38, type: 3}
      propertyPath: m_LocalRotation.y
      value: 0.0748458
      objectReference: {fileID: 0}
    - target: {fileID: 2149299845707130338, guid: 04df3ea845dd2844aaf27741e8342a38, type: 3}
      propertyPath: m_LocalRotation.z
      value: -0.0060289903
      objectReference: {fileID: 0}
    - target: {fileID: 2149299845707130338, guid: 04df3ea845dd2844aaf27741e8342a38, type: 3}
      propertyPath: m_LocalRotation.w
      value: 0.98601836
      objectReference: {fileID: 0}
    - target: {fileID: 2149299845707130338, guid: 04df3ea845dd2844aaf27741e8342a38, type: 3}
      propertyPath: m_RootOrder
      value: 12
      objectReference: {fileID: 0}
    - target: {fileID: 2149299845707130338, guid: 04df3ea845dd2844aaf27741e8342a38, type: 3}
      propertyPath: m_LocalEulerAnglesHint.x
      value: 26.269
      objectReference: {fileID: 0}
    - target: {fileID: 2149299845707130338, guid: 04df3ea845dd2844aaf27741e8342a38, type: 3}
      propertyPath: m_LocalEulerAnglesHint.y
      value: 184.983
      objectReference: {fileID: 0}
    - target: {fileID: 2149299845707130338, guid: 04df3ea845dd2844aaf27741e8342a38, type: 3}
      propertyPath: m_LocalEulerAnglesHint.z
      value: 1.283
      objectReference: {fileID: 0}
    m_RemovedComponents: []
  m_SourcePrefab: {fileID: 100100000, guid: 04df3ea845dd2844aaf27741e8342a38, type: 3}
--- !u!4 &7064985831718268240 stripped
Transform:
  m_CorrespondingSourceObject: {fileID: 2149299845707130338, guid: 04df3ea845dd2844aaf27741e8342a38, type: 3}
  m_PrefabInstance: {fileID: 9212121820483864754}
  m_PrefabAsset: {fileID: 0}
